@article{yang2023sensefi,
  title={SenseFi: A Library and Benchmark on Deep-Learning-Empowered WiFi Human Sensing},
  author={Yang, Jianfei and Chen, Xinyan and Wang, Dazhuo and Zou, Han and Lu, Chris Xiaoxuan and Sun, Sumei and Xie, Lihua},
  journal={Patterns},
  volume={4},
  number={6},
  pages={100773},
  year={2023},
  publisher={Cell Press},
  doi={10.1016/j.patter.2023.100773}
}

@inproceedings{se_networks2018,
  title={Squeeze-and-Excitation Networks},
  author={Hu, Jie and Shen, Li and Sun, Gang},
  booktitle={CVPR},
  pages={7132--7141},
  year={2018}
}

@inproceedings{calibration_guo2017,
  title={On Calibration of Modern Neural Networks},
  author={Guo, Chuan and Pleiss, Geoff and Sun, Yu and Weinberger, Kilian Q},
  booktitle={International Conference on Machine Learning},
  pages={1321--1330},
  year={2017},
  organization={PMLR}
}

@article{pinn_karniadakis2019,
  title={Physics-informed neural networks: A deep learning framework for solving forward and inverse problems involving nonlinear partial differential equations},
  author={Raissi, Maziar and Perdikaris, Paris and Karniadakis, George E},
  journal={Journal of Computational Physics},
  volume={378},
  pages={686--707},
  year={2019},
  publisher={Elsevier}
}

@inproceedings{selvaraju2017gradcam,
  title={Grad-CAM: Visual Explanations from Deep Networks via Gradient-based Localization},
  author={Selvaraju, Ramprasaath R and Cogswell, Michael and Das, Abhishek and Vedantam, Ramakrishna and Parikh, Devi and Batra, Dhruv},
  booktitle={ICCV},
  pages={618--626},
  year={2017}
}

@inproceedings{sundararajan2017ig,
  title={Axiomatic Attribution for Deep Networks},
  author={Sundararajan, Mukund and Taly, Ankur and Yan, Qiqi},
  booktitle={ICML},
  pages={3319--3328},
  year={2017}
}

@inproceedings{peng2018sim2real,
  title={Sim-to-Real Transfer of Robotic Control with Dynamics Randomization},
  author={Peng, Xue Bin and Andrychowicz, Marcin and Zaremba, Wojciech and Abbeel, Pieter},
  booktitle={ICRA},
  year={2018}
}

@book{goldsmith2005wireless,
  title={Wireless Communications},
  author={Goldsmith, Andrea},
  year={2005},
  publisher={Cambridge University Press}
}

@inproceedings{li2020tea,
  title={TEA: Temporal excitation and aggregation for action recognition},
  author={Li, Yan and Ji, Bin and Shi, Xintian and Zhang, Jianguo and Kang, Bin and Wang, Limin},
  booktitle={CVPR},
  pages={909--918},
  year={2020}
}

@inproceedings{bertasius2021timesformer,
  title={Is space-time attention all you need for video understanding?},
  author={Bertasius, Gedas and Wang, Heng and Torresani, Lorenzo},
  booktitle={ICML},
  volume={2},
  number={3},
  pages={4},
  year={2021}
}

@article{lim2021tft,
  title={Temporal fusion transformers for interpretable multi-horizon time series forecasting},
  author={Lim, Bryan and Ar{\i}k, Sercan {\"O} and Loeff, Nicolas and Pfister, Tomas},
  journal={International Journal of Forecasting},
  volume={37},
  number={4},
  pages={1748--1764},
  year={2021}
}

@article{zhou2021informer,
  title={Informer: Beyond efficient transformer for long sequence time-series forecasting},
  author={Zhou, Haoyi and Zhang, Shanghang and Peng, Jieqi and Zhang, Shuai and Li, Jianxin and Xiong, Hui and Zhang, Wancai},
  journal={AAAI},
  volume={35},
  number={12},
  pages={11106--11115},
  year={2021}
}

@inproceedings{vaswani2017attention,
  title={Attention is all you need},
  author={Vaswani, Ashish and Shazeer, Noam and Parmar, Niki and Uszkoreit, Jakob and Jones, Llion and Gomez, Aidan N and Kaiser, {\L}ukasz and Polosukhin, Illia},
  booktitle={NeurIPS},
  pages={5998--6008},
  year={2017}
}

@article{he2016deep,
  title={Deep residual learning for image recognition},
  author={He, Kaiming and Zhang, Xiangyu and Ren, Shaoqing and Sun, Jian},
  journal={CVPR},
  pages={770--778},
  year={2016}
}

@article{ioffe2015batch,
  title={Batch normalization: Accelerating deep network training by reducing internal covariate shift},
  author={Ioffe, Sergey and Szegedy, Christian},
  journal={ICML},
  pages={448--456},
  year={2015}
}

@article{srivastava2014dropout,
  title={Dropout: a simple way to prevent neural networks from overfitting},
  author={Srivastava, Nitish and Hinton, Geoffrey and Krizhevsky, Alex and Sutskever, Ilya and Salakhutdinov, Ruslan},
  journal={JMLR},
  volume={15},
  number={1},
  pages={1929--1958},
  year={2014}
}

@article{kingma2014adam,
  title={Adam: A method for stochastic optimization},
  author={Kingma, Diederik P and Ba, Jimmy},
  journal={arXiv preprint arXiv:1412.6980},
  year={2014}
}

@article{loshchilov2017adamw,
  title={Decoupled weight decay regularization},
  author={Loshchilov, Ilya and Hutter, Frank},
  journal={arXiv preprint arXiv:1711.05101},
  year={2017}
}

