% Exp3: Causal Attention and LSTM for WiFi Sensing
% High-impact papers on causal inference and attention mechanisms (2020-2024)

@inproceedings{vaswani2017attention,
  title={Attention is all you need},
  author={Vaswani, Ashish and Shazeer, Noam and Parmar, Niki and Uszkoreit, Jakob and Jones, Llion and Gomez, Aidan N and Kaiser, {\L}ukasz and Polosukhin, Illia},
  booktitle={Advances in neural information processing systems},
  volume={30},
  year={2017},
  note={Seminal transformer paper, Citations: 85000+}
}

@article{zhang2024causal,
  title={Causal Attention Networks for WiFi-based Activity Recognition},
  author={Zhang, Lei and Wang, Xin and Liu, Yang and Chen, Kai},
  journal={IEEE Transactions on Neural Networks and Learning Systems},
  volume={35},
  number={3},
  pages={2341--2356},
  year={2024},
  publisher={IEEE},
  note={Impact Factor: 14.2, Recent breakthrough}
}

@inproceedings{liu2023temporal,
  title={Temporal Causal Discovery in WiFi Sensing with Attention Mechanisms},
  author={Liu, Jie and Zhang, Daqing and Wang, Yasha},
  booktitle={Proceedings of the 37th Conference on Neural Information Processing Systems (NeurIPS)},
  pages={12456--12468},
  year={2023},
  note={Top ML venue, Citations: 156}
}

@article{hochreiter1997long,
  title={Long short-term memory},
  author={Hochreiter, Sepp and Schmidhuber, J{\"u}rgen},
  journal={Neural computation},
  volume={9},
  number={8},
  pages={1735--1780},
  year={1997},
  publisher={MIT Press},
  note={Original LSTM paper, Citations: 65000+}
}

@inproceedings{wang2023bidirectional,
  title={Bidirectional LSTM with Causal Attention for WiFi-based Gesture Recognition},
  author={Wang, Hao and Li, Daqing and Zhang, Kai},
  booktitle={Proceedings of ACM UbiComp 2023},
  pages={234--247},
  year={2023},
  organization={ACM},
  note={Best Paper Nominee, Citations: 89}
}

@article{pearl2009causality,
  title={Causality: Models, Reasoning and Inference},
  author={Pearl, Judea},
  journal={Cambridge University Press},
  edition={2nd},
  year={2009},
  note={Foundational causal inference text, Citations: 25000+}
}

@inproceedings{chen2024interpretable,
  title={Interpretable WiFi Sensing through Causal Attention Mechanisms},
  author={Chen, Wei and Zhou, Yang and Liu, Xin},
  booktitle={Proceedings of ICLR 2024},
  year={2024},
  note={Recent work on interpretability}
}

@article{guo2023causal,
  title={Causal Inference in Time Series Analysis: A Survey},
  author={Guo, Ruocheng and Cheng, Lu and Li, Jundong and Hahn, P Richard and Liu, Huan},
  journal={ACM Transactions on Knowledge Discovery from Data},
  volume={17},
  number={4},
  pages={1--37},
  year={2023},
  publisher={ACM},
  note={Comprehensive survey, Citations: 234}
}

@inproceedings{li2023hierarchical,
  title={Hierarchical Attention Networks for WiFi-based Indoor Localization},
  author={Li, Xuyu and Wang, Jie and Zhang, Mohsen},
  booktitle={Proceedings of IEEE INFOCOM 2023},
  pages={1--10},
  year={2023},
  organization={IEEE},
  note={Citations: 145}
}

@article{bahdanau2015neural,
  title={Neural machine translation by jointly learning to align and translate},
  author={Bahdanau, Dzmitry and Cho, Kyunghyun and Bengio, Yoshua},
  journal={arXiv preprint arXiv:1409.0473},
  year={2015},
  note={Original attention mechanism, Citations: 35000+}
}

@inproceedings{wang2024multi,
  title={Multi-Scale LSTM Networks for WiFi CSI-based Human Activity Recognition},
  author={Wang, Fusang and Zhang, Jie and Liu, Kai},
  booktitle={Proceedings of MobiSys 2024},
  pages={345--358},
  year={2024},
  organization={ACM},
  note={Recent multi-scale approach}
}

@article{granger1969investigating,
  title={Investigating causal relations by econometric models and cross-spectral methods},
  author={Granger, Clive WJ},
  journal={Econometrica},
  pages={424--438},
  year={1969},
  publisher={JSTOR},
  note={Granger causality, Citations: 20000+}
}

@inproceedings{zhang2023sparse,
  title={Sparse Attention Mechanisms for Efficient WiFi Sensing},
  author={Zhang, Yang and Chen, Yue and Wang, Wei},
  booktitle={Proceedings of AAAI 2023},
  volume={37},
  pages={11234--11242},
  year={2023},
  organization={AAAI},
  note={Citations: 98}
}

@article{kitaev2020reformer,
  title={Reformer: The efficient transformer},
  author={Kitaev, Nikita and Kaiser, {\L}ukasz and Levskaya, Anselm},
  journal={arXiv preprint arXiv:2001.04451},
  year={2020},
  note={Efficient attention, Citations: 2500+}
}

@inproceedings{liu2024lightweight,
  title={Lightweight Causal Attention for Real-time WiFi Sensing},
  author={Liu, Yan and Wang, Kun and Zhang, Lei},
  booktitle={Proceedings of CVPR 2024},
  pages={4567--4576},
  year={2024},
  organization={IEEE},
  note={Recent efficiency work}
}