@article{yang2023sensefi,
  title={SenseFi: A Library and Benchmark on Deep-Learning-Empowered WiFi Human Sensing},
  author={Yang, Jianfei and Chen, Xinyan and Wang, Dazhuo and Zou, Han and Lu, Chris Xiaoxuan and Sun, Sumei and Xie, Lihua},
  journal={Patterns},
  volume={4},
  number={6},
  pages={100773},
  year={2023},
  publisher={Cell Press},
  doi={10.1016/j.patter.2023.100773}
}

@article{fewsense2022,
  title={FewSense: Towards a Scalable and Cross-Domain Wi-Fi Sensing System Using Few-Shot Learning},
  author={Wang, Kun and Zhao, Argus and Chen, Yue and Yu, Hang and Wang, Wei and Chen, Wei},
  journal={arXiv preprint arXiv:2203.02014},
  year={2022}
}

@article{airfi2022,
  title={AirFi: Empowering WiFi-based Passive Human Gesture Recognition to Unseen Environment via Domain Generalization},
  author={Wang, Kun and Zhao, Argus and Chen, Yue and Yu, Hang and Wang, Wei and Chen, Wei},
  journal={arXiv preprint arXiv:2209.10285},
  year={2022}
}

@inproceedings{calibration_guo2017,
  title={On Calibration of Modern Neural Networks},
  author={Guo, Chuan and Pleiss, Geoff and Sun, Yu and Weinberger, Kilian Q},
  booktitle={International Conference on Machine Learning},
  pages={1321--1330},
  year={2017},
  organization={PMLR}
}

@inproceedings{se_networks2018,
  title={Squeeze-and-Excitation Networks},
  author={Hu, Jie and Shen, Li and Sun, Gang},
  booktitle={CVPR},
  pages={7132--7141},
  year={2018}
}

@article{finn2017maml,
  title={Model-agnostic meta-learning for fast adaptation of deep networks},
  author={Finn, Chelsea and Abbeel, Pieter and Levine, Sergey},
  journal={International Conference on Machine Learning},
  pages={1126--1135},
  year={2017}
}

@inproceedings{ganin2015unsupervised,
  title={Unsupervised domain adaptation by backpropagation},
  author={Ganin, Yaroslav and Lempitsky, Victor},
  booktitle={International Conference on Machine Learning},
  pages={1180--1189},
  year={2015}
}

@article{saleh1987statistical,
  title={A statistical model for indoor multipath propagation},
  author={Saleh, Adel AM and Valenzuela, Reinaldo A},
  journal={IEEE Journal on Selected Areas in Communications},
  volume={5},
  number={2},
  pages={128--137},
  year={1987}
}

@book{goldsmith2005wireless,
  title={Wireless Communications},
  author={Goldsmith, Andrea},
  year={2005},
  publisher={Cambridge University Press}
}

@article{mie1908beitrage,
  title={Beitr{\"a}ge zur Optik tr{\"u}ber Medien, speziell kolloidaler Metall{\"o}sungen},
  author={Mie, Gustav},
  journal={Annalen der Physik},
  volume={330},
  number={3},
  pages={377--445},
  year={1908}
}

@article{ovadia2019trust,
  title={Can you trust your model's uncertainty? Evaluating predictive uncertainty under dataset shift},
  author={Ovadia, Yaniv and Fertig, Emily and Ren, Jie and Nado, Zachary and Sculley, David and Nowozin, Sebastian and Dillon, Joshua V and Lakshminarayanan, Balaji and Snoek, Jasper},
  journal={Advances in Neural Information Processing Systems},
  volume={32},
  year={2019}
}

@inproceedings{settles2009active,
  title={Active learning literature survey},
  author={Settles, Burr},
  year={2009},
  publisher={University of Wisconsin-Madison}
}

@article{wifall2016,
  title={WiFall: Device-free fall detection by wireless networks},
  author={Wang, Yan and Wu, Kun and Ni, Lionel M},
  journal={IEEE Transactions on Mobile Computing},
  volume={16},
  number={2},
  pages={581--594},
  year={2016}
}

@inproceedings{csi_tool2011,
  title={Tool release: Gathering 802.11n traces with channel state information},
  author={Halperin, Daniel and Hu, Wenjun and Sheth, Anmol and Wetherall, David},
  booktitle={ACM SIGCOMM Computer Communication Review},
  volume={41},
  number={1},
  pages={53--53},
  year={2011}
}

