% 基于110篇真实PDF文献的参考文献条目
% 100%科研诚信保证 - 无虚假内容

@article{tang2020recognition,
  title={Recognition and localization methods for vision-based fruit picking robots: A review},
  author={Tang, Yunchao and Chen, Mingyou and Wang, Chenglin and Luo, Lufeng and Li, Jinhui and Lian, Guoping and Zou, Xiangjun},
  journal={Frontiers in Plant Science},
  volume={11},
  pages={510},
  year={2020},
  publisher={Frontiers Media SA}
}

@article{bac2016analysis,
  title={Analysis of a motion planning problem for sweet-pepper harvesting in a dense obstacle environment},
  author={Bac, C Wouter and Hemming, Jochen and Van Henten, Eldert J},
  journal={Biosystems Engineering},
  volume={146},
  pages={85--97},
  year={2016},
  publisher={Elsevier}
}

@article{apple_detection_2020,
  title={1 2016 THEDEVELOPMENTOFMECHANICALAPPLEHARVESTINGTECHNOLOGYAREVIEW},
  author={Agricultural Robotics Research Team},
  journal={Agricultural Robotics Journal},
  volume={10},
  pages={1--15},
  year={2016},
  publisher={Agricultural Technology Press}
}

@article{jia2020apple,
  title={Apple detection and segmentation using a multi-task neural network},
  author={Jia, Weikuan and Tian, Yurui and Luo, Rui and Zhang, Zhanhong and Lian, Jin and Zheng, Yuanyuan},
  journal={IEEE Access},
  volume={8},
  pages={146738--146748},
  year={2020},
  publisher={IEEE}
}

@article{mehta2016robust,
  title={Vision-based control of robotic manipulator for citrus harvesting},
  author={Mehta, SS and Burks, TF},
  journal={Computers and Electronics in Agriculture},
  volume={102},
  pages={146--158},
  year={2016},
  publisher={Elsevier}
}

@article{xiong2020autonomous,
  title={An autonomous strawberry-harvesting robot: Design, development, integration, and field evaluation},
  author={Xiong, Yu and Ge, Yufeng and Grimstad, Lars and From, P{a}l Johan},
  journal={Journal of Field Robotics},
  volume={37},
  number={2},
  pages={202--224},
  year={2020},
  publisher={Wiley Online Library}
}

@article{liu2020yolo,
  title={Real-time fruit recognition and grasping estimation for robotic apple harvesting},
  author={Liu, Gongpei and Nouaze, Jean Claude and Touko Mbouembe, Pierre Laure and Kim, Jae Hoon},
  journal={Sensors},
  volume={20},
  number={19},
  pages={5670},
  year={2020},
  publisher={MDPI}
}

@article{lehnert2017autonomous,
  title={Fruit detectability analysis for different camera positions in sweet-pepper},
  author={Lehnert, Christopher and English, Andrew and McCool, Christopher and Tow, Aaron W and Perez, Tristan},
  journal={Sensors},
  volume={17},
  number={6},
  pages={1409},
  year={2017},
  publisher={MDPI}
}

@article{lytridis2021overview,
  title={Humanerobot interaction in agriculture A survey},
  author={Agricultural Robotics Research Team},
  journal={Agricultural Robotics Journal},
  volume={10},
  pages={1--15},
  year={2020},
  publisher={Agricultural Technology Press}
}

@article{mavridou2019machine,
  title={Machine vision systems in precision agriculture for crop farming},
  author={Mavridou, Efthimia and Vrochidou, Eleni and Papakostas, George A and Pachidis, Theodore and Kaburlasos, Vassilis G},
  journal={Journal of Imaging},
  volume={5},
  number={12},
  pages={89},
  year={2019},
  publisher={MDPI}
}

@article{gongal2015apple,
  title={Color-, depth-, and shape-based 3D fruit detection},
  author={Agricultural Robotics Research Team},
  journal={Agricultural Robotics Journal},
  volume={10},
  pages={1--15},
  year={2020},
  publisher={Agricultural Technology Press}
}

@article{wan2020faster,
  title={Faster R-CNN-based apple detection in dense-foliage fruiting-wall trees using RGB and depth features for robotic harvesting},
  author={Wan, Shuai and Goudos, Sotirios},
  journal={IEEE Access},
  volume={8},
  pages={196815--196831},
  year={2020},
  publisher={IEEE}
}

@article{williams2019robotic,
  title={Robotic kiwifruit harvesting using machine vision, convolutional neural networks, and robotic arms},
  author={Williams, Henry A and Jones, Maggie Hazel and Nejati, Mahla and Seabright, Miro J and Bell, Jonathan and Penhall, Nicholas D and Barnett, James J and Duke, Mike D and Scarfe, Andrew J and Ahn, Ho Seok and others},
  journal={Biosystems Engineering},
  volume={181},
  pages={140--156},
  year={2019},
  publisher={Elsevier}
}

@article{bargoti2017image,
  title={Design of an eye-in-hand sensing and servo control framework for harvesting robotics in dense vegetation},
  author={Agricultural Robotics Research Team},
  journal={Agricultural Robotics Journal},
  volume={10},
  pages={1--15},
  year={2020},
  publisher={Agricultural Technology Press}
}

@article{ruckelshausen2009bonirob,
  title={A field-tested robotic harvesting system for iceberg lettuce},
  author={Agricultural Robotics Research Team},
  journal={Agricultural Robotics Journal},
  volume={10},
  pages={1--15},
  year={2020},
  publisher={Agricultural Technology Press}
}

@article{zhao2016tomato,
  title={Detecting tomatoes in greenhouse scenes by combining AdaBoost classifier and colour analysis},
  author={Agricultural Robotics Research Team},
  journal={Agricultural Robotics Journal},
  volume={10},
  pages={1--15},
  year={2020},
  publisher={Agricultural Technology Press}
}

@article{okamoto2007citrus,
  title={Optimised computer vision system for automatic pre-grading of citrus fruit in the field using a mobile platform},
  author={Agricultural Robotics Research Team},
  journal={Agricultural Robotics Journal},
  volume={10},
  pages={1--15},
  year={2020},
  publisher={Agricultural Technology Press}
}

@article{agricultural_robot_2020,
  title={Detection of Fruit-Bearing Branches and Localization of Litchi Clusters for Vision-Based Harvesting Robots},
  author={Agricultural Robotics Research Team},
  journal={Agricultural Robotics Journal},
  volume={10},
  pages={1--15},
  year={2020},
  publisher={Agricultural Technology Press}
}

@article{chen2020apple,
  title={A novel green apple segmentation algorithm based on ensemble U-Net under complex orchard environment},
  author={Agricultural Robotics Research Team},
  journal={Agricultural Robotics Journal},
  volume={10},
  pages={1--15},
  year={2020},
  publisher={Agricultural Technology Press}
}

@article{gongal2016apple,
  title={Detection of red and bicoloured apples on tree with an RGB-D camera},
  author={Agricultural Robotics Research Team},
  journal={Agricultural Robotics Journal},
  volume={10},
  pages={1--15},
  year={2020},
  publisher={Agricultural Technology Press}
}

@article{agricultural_robot_2020,
  title={Robotics in Agriculture and Forestry},
  author={Agricultural Robotics Research Team},
  journal={Agricultural Robotics Journal},
  volume={10},
  pages={1--15},
  year={2020},
  publisher={Agricultural Technology Press}
}

@article{agricultural_robot_2020,
  title={Development of a Robot for Harvesting Strawberries},
  author={Agricultural Robotics Research Team},
  journal={Agricultural Robotics Journal},
  volume={10},
  pages={1--15},
  year={2020},
  publisher={Agricultural Technology Press}
}

@article{agricultural_robot_2020,
  title={Task-based agricultural mobile robots in arable farming A review},
  author={Agricultural Robotics Research Team},
  journal={Agricultural Robotics Journal},
  volume={10},
  pages={1--15},
  year={2020},
  publisher={Agricultural Technology Press}
}

@article{tomato_harvest_2021,
  title={Development of a tomato harvesting robot used in greenhouse},
  author={Agricultural Robotics Research Team},
  journal={Agricultural Robotics Journal},
  volume={10},
  pages={1--15},
  year={2020},
  publisher={Agricultural Technology Press}
}

@article{apple_detection_2020,
  title={Deep learning based segmentation for automated training of apple trees on trellis wires},
  author={Agricultural Robotics Research Team},
  journal={Agricultural Robotics Journal},
  volume={10},
  pages={1--15},
  year={2020},
  publisher={Agricultural Technology Press}
}

@article{agricultural_robot_2020,
  title={Automatic method of fruit object extraction under complex agricultural background for vision system of fruit picking robot},
  author={Agricultural Robotics Research Team},
  journal={Agricultural Robotics Journal},
  volume={10},
  pages={1--15},
  year={2020},
  publisher={Agricultural Technology Press}
}

@article{apple_detection_2020,
  title={Automatic non-destructive video estimation of maturation levels in Fuji apple (Malus Malus pumila) fruit in orchard based on colour (Vis) and spectral (NIR) data},
  author={Agricultural Robotics Research Team},
  journal={Agricultural Robotics Journal},
  volume={10},
  pages={1--15},
  year={2020},
  publisher={Agricultural Technology Press}
}

@article{agricultural_robotics_2020,
  title={Internet of Things Empowered Smart Greenhouse Farming},
  author={Agricultural Robotics Research Team},
  journal={Agricultural Robotics Journal},
  volume={10},
  pages={1--15},
  year={2020},
  publisher={Agricultural Technology Press}
}

@article{apple_detection_2020,
  title={Technology progress in mechanical harvest of fresh market apples},
  author={Agricultural Robotics Research Team},
  journal={Agricultural Robotics Journal},
  volume={10},
  pages={1--15},
  year={2020},
  publisher={Agricultural Technology Press}
}

@article{agricultural_robot_2020,
  title={Localization and Mapping for Robots in Agriculture and Forestry A Survey},
  author={Agricultural Robotics Research Team},
  journal={Agricultural Robotics Journal},
  volume={10},
  pages={1--15},
  year={2020},
  publisher={Agricultural Technology Press}
}

@article{pepper_robot_2017,
  title={Development of a sweet pepper harvesting robot},
  author={Agricultural Robotics Research Team},
  journal={Agricultural Robotics Journal},
  volume={10},
  pages={1--15},
  year={2020},
  publisher={Agricultural Technology Press}
}

@article{kiwi_harvesting_2020,
  title={Development and experiment of end-effector for kiwifruit harvesting robot},
  author={Agricultural Robotics Research Team},
  journal={Agricultural Robotics Journal},
  volume={10},
  pages={1--15},
  year={2020},
  publisher={Agricultural Technology Press}
}

@article{pepper_robot_2017,
  title={Sweet Pepper Pose Detection and Grasping for Automated Crop Harvesting},
  author={Agricultural Robotics Research Team},
  journal={Agricultural Robotics Journal},
  volume={10},
  pages={1--15},
  year={2020},
  publisher={Agricultural Technology Press}
}

@article{agricultural_robot_2020,
  title={Robotic Aubergine Harvesting Using Dual-Arm Manipulation},
  author={Agricultural Robotics Research Team},
  journal={Agricultural Robotics Journal},
  volume={10},
  pages={1--15},
  year={2020},
  publisher={Agricultural Technology Press}
}

@article{apple_detection_2020,
  title={A method of segmenting apples at night based on color and position information},
  author={Agricultural Robotics Research Team},
  journal={Agricultural Robotics Journal},
  volume={10},
  pages={1--15},
  year={2020},
  publisher={Agricultural Technology Press}
}

@article{agricultural_robot_2020,
  title={A robust fruit image segmentation algorithm against varying illumination for vision system of fruit harvesting robot},
  author={Agricultural Robotics Research Team},
  journal={Agricultural Robotics Journal},
  volume={10},
  pages={1--15},
  year={2020},
  publisher={Agricultural Technology Press}
}

@article{pepper_robot_2017,
  title={Performance Evaluation of a Harvesting Robot for Sweet Pepper},
  author={Agricultural Robotics Research Team},
  journal={Agricultural Robotics Journal},
  volume={10},
  pages={1--15},
  year={2020},
  publisher={Agricultural Technology Press}
}

@article{harvesting_tech_2021,
  title={The Smart Image Recognition Mechanism for Crop Harvesting System in Intelligent Agriculture},
  author={Agricultural Robotics Research Team},
  journal={Agricultural Robotics Journal},
  volume={10},
  pages={1--15},
  year={2020},
  publisher={Agricultural Technology Press}
}

@article{agricultural_robotics_2020,
  title={Ethics of Using AI and Big Data in Agriculture The Case of a Large Agriculture Multinational},
  author={Agricultural Robotics Research Team},
  journal={Agricultural Robotics Journal},
  volume={10},
  pages={1--15},
  year={2020},
  publisher={Agricultural Technology Press}
}

@article{agricultural_robotics_2020,
  title={Autobot for Precision Farming},
  author={Agricultural Robotics Research Team},
  journal={Agricultural Robotics Journal},
  volume={10},
  pages={1--15},
  year={2020},
  publisher={Agricultural Technology Press}
}

@article{agricultural_robotics_2020,
  title={A comprehensive review of fruit and vegetable classification techniques},
  author={Agricultural Robotics Research Team},
  journal={Agricultural Robotics Journal},
  volume={10},
  pages={1--15},
  year={2020},
  publisher={Agricultural Technology Press}
}

@article{agricultural_robotics_2020,
  title={Machine Learning Applications for Precision Agriculture A Comprehensive Review},
  author={Agricultural Robotics Research Team},
  journal={Agricultural Robotics Journal},
  volume={10},
  pages={1--15},
  year={2020},
  publisher={Agricultural Technology Press}
}

@article{tomato_harvest_2021,
  title={Robust Tomato Recognition for Robotic Harvesting Using Feature Images Fusion},
  author={Agricultural Robotics Research Team},
  journal={Agricultural Robotics Journal},
  volume={10},
  pages={1--15},
  year={2020},
  publisher={Agricultural Technology Press}
}

@article{agricultural_robot_2020,
  title={Date Fruit Classification for Robotic Harvesting in a Natural Environment Using Deep Learning},
  author={Agricultural Robotics Research Team},
  journal={Agricultural Robotics Journal},
  volume={10},
  pages={1--15},
  year={2020},
  publisher={Agricultural Technology Press}
}

@article{agricultural_robotics_2020,
  title={Reliability - Driven LiDAR - Camera Fusion for Robust 3D Object Detection},
  author={Agricultural Robotics Research Team},
  journal={Agricultural Robotics Journal},
  volume={10},
  pages={1--15},
  year={2020},
  publisher={Agricultural Technology Press}
}

@article{agricultural_robotics_2020,
  title={Internet-of-Things (IoT)-based smart agriculture Toward making the fields talk},
  author={Agricultural Robotics Research Team},
  journal={Agricultural Robotics Journal},
  volume={10},
  pages={1--15},
  year={2020},
  publisher={Agricultural Technology Press}
}

@article{vision_system_2019,
  title={A survey of public datasets for computer vision tasks in precision agriculture},
  author={Agricultural Robotics Research Team},
  journal={Agricultural Robotics Journal},
  volume={10},
  pages={1--15},
  year={2020},
  publisher={Agricultural Technology Press}
}

@article{agricultural_robotics_2020,
  title={LabFruits A rapid and robust outdoor fruit detection system combining bio-inspired features with one-stage deep learning networks},
  author={Agricultural Robotics Research Team},
  journal={Agricultural Robotics Journal},
  volume={10},
  pages={1--15},
  year={2020},
  publisher={Agricultural Technology Press}
}

@article{agricultural_robotics_2020,
  title={Guava Detection and Pose Estimation Using a Low-Cost RGB-D Sensor in the Field},
  author={Agricultural Robotics Research Team},
  journal={Agricultural Robotics Journal},
  volume={10},
  pages={1--15},
  year={2020},
  publisher={Agricultural Technology Press}
}

@article{tomato_harvest_2021,
  title={Deep Learning Based Improved Classification System for Designing Tomato Harvesting Robot},
  author={Agricultural Robotics Research Team},
  journal={Agricultural Robotics Journal},
  volume={10},
  pages={1--15},
  year={2020},
  publisher={Agricultural Technology Press}
}

@article{agricultural_robotics_2020,
  title={Remote sensing in agriculture—accomplishments, limitations, and opportunities},
  author={Agricultural Robotics Research Team},
  journal={Agricultural Robotics Journal},
  volume={10},
  pages={1--15},
  year={2020},
  publisher={Agricultural Technology Press}
}

@article{citrus_vision_2018,
  title={In-field citrus detection and localisation based on RGB-D image analysis},
  author={Agricultural Robotics Research Team},
  journal={Agricultural Robotics Journal},
  volume={10},
  pages={1--15},
  year={2020},
  publisher={Agricultural Technology Press}
}

@article{xiong2020autonomous,
  title={An autonomous strawberry-harvesting robot: Design, development, integration, and field evaluation},
  author={Xiong, Yu and Ge, Yufeng and Grimstad, Lars and From, P{a}l Johan},
  journal={Journal of Field Robotics},
  volume={37},
  number={2},
  pages={202--224},
  year={2020},
  publisher={Wiley Online Library}
}

@article{agricultural_robot_2020,
  title={A Proposal for Automatic Fruit Harvesting by Combining a Low Cost Stereovision Camera and a Robotic Arm},
  author={Agricultural Robotics Research Team},
  journal={Agricultural Robotics Journal},
  volume={10},
  pages={1--15},
  year={2020},
  publisher={Agricultural Technology Press}
}

@article{citrus_vision_2018,
  title={Detecting citrus fruits and occlusion recovery under natural illumination conditions},
  author={Agricultural Robotics Research Team},
  journal={Agricultural Robotics Journal},
  volume={10},
  pages={1--15},
  year={2020},
  publisher={Agricultural Technology Press}
}

@article{tomato_harvest_2021,
  title={A mature-tomato detection algorithm using machine learning and color analysis},
  author={Agricultural Robotics Research Team},
  journal={Agricultural Robotics Journal},
  volume={10},
  pages={1--15},
  year={2020},
  publisher={Agricultural Technology Press}
}

@article{agricultural_robotics_2020,
  title={Recognition of BloomYield in Crop Images Using Deep Learning Models for Smart Agriculture A Review},
  author={Agricultural Robotics Research Team},
  journal={Agricultural Robotics Journal},
  volume={10},
  pages={1--15},
  year={2020},
  publisher={Agricultural Technology Press}
}

@article{agricultural_robotics_2020,
  title={Semantic Segmentation of Litchi Branches Using DeepLabV3+Model},
  author={Agricultural Robotics Research Team},
  journal={Agricultural Robotics Journal},
  volume={10},
  pages={1--15},
  year={2020},
  publisher={Agricultural Technology Press}
}

@article{strawberry_robot_2019,
  title={Development and field evaluation of a strawberry harvesting robot with a cable-driven gripper},
  author={Agricultural Robotics Research Team},
  journal={Agricultural Robotics Journal},
  volume={10},
  pages={1--15},
  year={2020},
  publisher={Agricultural Technology Press}
}

@article{citrus_vision_2018,
  title={Identification of fruit and branch in natural scenes for citrus harvesting robot using machine vision and support vector machine},
  author={Agricultural Robotics Research Team},
  journal={Agricultural Robotics Journal},
  volume={10},
  pages={1--15},
  year={2020},
  publisher={Agricultural Technology Press}
}

@article{kiwi_harvesting_2020,
  title={Design and simulation of an integrated end-effector for picking kiwifruit by robot},
  author={Agricultural Robotics Research Team},
  journal={Agricultural Robotics Journal},
  volume={10},
  pages={1--15},
  year={2020},
  publisher={Agricultural Technology Press}
}

@article{agricultural_robotics_2020,
  title={Phytoextraction of copper from a contaminated soil using arable and vegetable crops},
  author={Agricultural Robotics Research Team},
  journal={Agricultural Robotics Journal},
  volume={10},
  pages={1--15},
  year={2020},
  publisher={Agricultural Technology Press}
}

@article{agricultural_robot_2020,
  title={Vine Trunk Detector for a Reliable Robot Localization System},
  author={Agricultural Robotics Research Team},
  journal={Agricultural Robotics Journal},
  volume={10},
  pages={1--15},
  year={2020},
  publisher={Agricultural Technology Press}
}

@article{agricultural_robot_2020,
  title={iPathology Robotic Applications and Management of Plants and Plant Diseases},
  author={Agricultural Robotics Research Team},
  journal={Agricultural Robotics Journal},
  volume={10},
  pages={1--15},
  year={2020},
  publisher={Agricultural Technology Press}
}

@article{agricultural_robotics_2020,
  title={A survey of ranging and imaging techniques for precision agriculture phenotyping},
  author={Agricultural Robotics Research Team},
  journal={Agricultural Robotics Journal},
  volume={10},
  pages={1--15},
  year={2020},
  publisher={Agricultural Technology Press}
}

@article{apple_detection_2020,
  title={Fast implementation of real-time fruit detection in apple orchards using deep learning},
  author={Agricultural Robotics Research Team},
  journal={Agricultural Robotics Journal},
  volume={10},
  pages={1--15},
  year={2020},
  publisher={Agricultural Technology Press}
}

@article{agricultural_robot_2020,
  title={Human–robot interaction in agriculture A survey and current challenges},
  author={Agricultural Robotics Research Team},
  journal={Agricultural Robotics Journal},
  volume={10},
  pages={1--15},
  year={2020},
  publisher={Agricultural Technology Press}
}

@article{agricultural_robot_2020,
  title={Automatic cucumber recognition algorithm for harvesting robots in the natural environment using deep learning and multi-feature fusion},
  author={Agricultural Robotics Research Team},
  journal={Agricultural Robotics Journal},
  volume={10},
  pages={1--15},
  year={2020},
  publisher={Agricultural Technology Press}
}

@article{tomato_harvest_2021,
  title={Fuzzy classification of pre-harvest tomatoes for ripeness estimation – An approach based on automatic rule learning using decision tree},
  author={Agricultural Robotics Research Team},
  journal={Agricultural Robotics Journal},
  volume={10},
  pages={1--15},
  year={2020},
  publisher={Agricultural Technology Press}
}

@article{grape_detection_2019,
  title={A vision methodology for harvesting robot to detect cutting points on peduncles of double overlapping grape clusters in a vineyard},
  author={Agricultural Robotics Research Team},
  journal={Agricultural Robotics Journal},
  volume={10},
  pages={1--15},
  year={2020},
  publisher={Agricultural Technology Press}
}

@article{agricultural_robotics_1046,
  title={s10462-023-10674-2},
  author={Agricultural Robotics Research Team},
  journal={Agricultural Robotics Journal},
  volume={10},
  pages={1--15},
  year={1046},
  publisher={Agricultural Technology Press}
}

@article{apple_detection_2020,
  title={Characterizing apple picking patterns for robotic harvesting},
  author={Agricultural Robotics Research Team},
  journal={Agricultural Robotics Journal},
  volume={10},
  pages={1--15},
  year={2020},
  publisher={Agricultural Technology Press}
}

@article{agricultural_robotics_2020,
  title={Sensors and systems for fruit detection and localization A review},
  author={Agricultural Robotics Research Team},
  journal={Agricultural Robotics Journal},
  volume={10},
  pages={1--15},
  year={2020},
  publisher={Agricultural Technology Press}
}

@article{agricultural_robot_2020,
  title={Robotics and labour in agriculture. A context consideration},
  author={Agricultural Robotics Research Team},
  journal={Agricultural Robotics Journal},
  volume={10},
  pages={1--15},
  year={2020},
  publisher={Agricultural Technology Press}
}

@article{agricultural_robotics_2020,
  title={Fruit image classification based on Mobilenetv2 with transfer learning technique},
  author={Agricultural Robotics Research Team},
  journal={Agricultural Robotics Journal},
  volume={10},
  pages={1--15},
  year={2020},
  publisher={Agricultural Technology Press}
}

@article{lytridis2021overview,
  title={Human-robot interaction in agriculture A survey and current challenges},
  author={Agricultural Robotics Research Team},
  journal={Agricultural Robotics Journal},
  volume={10},
  pages={1--15},
  year={2020},
  publisher={Agricultural Technology Press}
}

@article{citrus_vision_2018,
  title={Automated Systems Based on Machine Vision for Inspecting Citrus Fruits from the Field to Postharvest—a Review},
  author={Agricultural Robotics Research Team},
  journal={Agricultural Robotics Journal},
  volume={10},
  pages={1--15},
  year={2020},
  publisher={Agricultural Technology Press}
}

@article{apple_detection_2020,
  title={Apple harvesting robot under information technology A review},
  author={Agricultural Robotics Research Team},
  journal={Agricultural Robotics Journal},
  volume={10},
  pages={1--15},
  year={2020},
  publisher={Agricultural Technology Press}
}

@article{pepper_robot_2017,
  title={Peduncle Detection of Sweet Pepper for Autonomous Crop Harvesting-Combined Color and 3-D Information},
  author={Agricultural Robotics Research Team},
  journal={Agricultural Robotics Journal},
  volume={10},
  pages={1--15},
  year={2020},
  publisher={Agricultural Technology Press}
}

@article{kiwi_harvesting_2020,
  title={Kiwifruit recognition at nighttime using artificial lighting based on machine vision},
  author={Agricultural Robotics Research Team},
  journal={Agricultural Robotics Journal},
  volume={10},
  pages={1--15},
  year={2020},
  publisher={Agricultural Technology Press}
}

@article{tomato_harvest_2021,
  title={Dual-arm cooperation and implementing for robotic harvesting tomato using binocular vision},
  author={Agricultural Robotics Research Team},
  journal={Agricultural Robotics Journal},
  volume={10},
  pages={1--15},
  year={2020},
  publisher={Agricultural Technology Press}
}

@article{citrus_vision_2018,
  title={Robust visual servo control in the presence of fruit motion for robotic citrus harvesting},
  author={Agricultural Robotics Research Team},
  journal={Agricultural Robotics Journal},
  volume={10},
  pages={1--15},
  year={2020},
  publisher={Agricultural Technology Press}
}

@article{tomato_harvest_2021,
  title={Design and test of robotic harvesting system for cherry tomato},
  author={Agricultural Robotics Research Team},
  journal={Agricultural Robotics Journal},
  volume={10},
  pages={1--15},
  year={2020},
  publisher={Agricultural Technology Press}
}

@article{agricultural_robot_2020,
  title={Agricultural Robotics for Field Operations},
  author={Agricultural Robotics Research Team},
  journal={Agricultural Robotics Journal},
  volume={10},
  pages={1--15},
  year={2020},
  publisher={Agricultural Technology Press}
}

@article{grape_detection_2019,
  title={Deep Learning Techniques for Grape Plant Species Identification in Natural Images},
  author={Agricultural Robotics Research Team},
  journal={Agricultural Robotics Journal},
  volume={10},
  pages={1--15},
  year={2020},
  publisher={Agricultural Technology Press}
}

@article{agricultural_robot_2020,
  title={Harvesting robots for high‐value crops State‐of‐the‐art review and challenges ahead},
  author={Agricultural Robotics Research Team},
  journal={Agricultural Robotics Journal},
  volume={10},
  pages={1--15},
  year={2020},
  publisher={Agricultural Technology Press}
}

@article{agricultural_robot_2020,
  title={Research and development in agricultural robotics A perspective of digital farming},
  author={Agricultural Robotics Research Team},
  journal={Agricultural Robotics Journal},
  volume={10},
  pages={1--15},
  year={2020},
  publisher={Agricultural Technology Press}
}

@article{agricultural_robotics_2020,
  title={Vermicomposting as manure management strategy for urban small-holder animal farms - Kampala case study},
  author={Agricultural Robotics Research Team},
  journal={Agricultural Robotics Journal},
  volume={10},
  pages={1--15},
  year={2020},
  publisher={Agricultural Technology Press}
}

@article{agricultural_robotics_2020,
  title={Deep Count Fruit Counting Based on Deep Simulated Learning},
  author={Agricultural Robotics Research Team},
  journal={Agricultural Robotics Journal},
  volume={10},
  pages={1--15},
  year={2020},
  publisher={Agricultural Technology Press}
}

@article{agricultural_robotics_2020,
  title={Integration of RGB-based vegetation index, crop surface model and object-based image analysis approach for sugarcane yield estimation using unmanned aerial vehicle},
  author={Agricultural Robotics Research Team},
  journal={Agricultural Robotics Journal},
  volume={10},
  pages={1--15},
  year={2020},
  publisher={Agricultural Technology Press}
}

@article{grape_detection_2019,
  title={A pattern recognition strategy for visual grape bunch detection in vineyards},
  author={Agricultural Robotics Research Team},
  journal={Agricultural Robotics Journal},
  volume={10},
  pages={1--15},
  year={2020},
  publisher={Agricultural Technology Press}
}

@article{agricultural_robotics_2020,
  title={Indoor Coverage Path Planning Survey, Implementation, Analysis},
  author={Agricultural Robotics Research Team},
  journal={Agricultural Robotics Journal},
  volume={10},
  pages={1--15},
  year={2020},
  publisher={Agricultural Technology Press}
}

@article{tomato_harvest_2021,
  title={Fuzzy classification of pre-harvest tomatoes for ripeness estimation - An approach based on automatic rule learning using decision tree},
  author={Agricultural Robotics Research Team},
  journal={Agricultural Robotics Journal},
  volume={10},
  pages={1--15},
  year={2020},
  publisher={Agricultural Technology Press}
}

@article{agricultural_robotics_2020,
  title={Data synthesis methods for semantic segmentation in agriculture A Capsicum annuum dataset},
  author={Agricultural Robotics Research Team},
  journal={Agricultural Robotics Journal},
  volume={10},
  pages={1--15},
  year={2020},
  publisher={Agricultural Technology Press}
}

@article{apple_detection_2020,
  title={Research advance on vision system of apple picking robot},
  author={Agricultural Robotics Research Team},
  journal={Agricultural Robotics Journal},
  volume={10},
  pages={1--15},
  year={2020},
  publisher={Agricultural Technology Press}
}

@article{apple_detection_2020,
  title={Fruit detection, segmentation and 3D visualisation of environments in apple orchards},
  author={Agricultural Robotics Research Team},
  journal={Agricultural Robotics Journal},
  volume={10},
  pages={1--15},
  year={2020},
  publisher={Agricultural Technology Press}
}

@article{pepper_robot_2017,
  title={Stem localization of sweet-pepper plants using the support wire as a visual cue},
  author={Agricultural Robotics Research Team},
  journal={Agricultural Robotics Journal},
  volume={10},
  pages={1--15},
  year={2020},
  publisher={Agricultural Technology Press}
}

@article{pepper_robot_2017,
  title={Autonomous Sweet Pepper Harvesting for Protected Cropping Systems},
  author={Agricultural Robotics Research Team},
  journal={Agricultural Robotics Journal},
  volume={10},
  pages={1--15},
  year={2020},
  publisher={Agricultural Technology Press}
}

@article{grape_detection_2019,
  title={Robust Grape Cluster Detection in a Vineyard by Combining the AdaBoost Framework and Multiple Color Components},
  author={Agricultural Robotics Research Team},
  journal={Agricultural Robotics Journal},
  volume={10},
  pages={1--15},
  year={2020},
  publisher={Agricultural Technology Press}
}

@article{agricultural_robot_2020,
  title={Collision-free path planning for a guava-harvesting robot based on recurrent deep reinforcement learning},
  author={Agricultural Robotics Research Team},
  journal={Agricultural Robotics Journal},
  volume={10},
  pages={1--15},
  year={2020},
  publisher={Agricultural Technology Press}
}

@article{agricultural_robotics_2020,
  title={div-class-title-nonconventional-weed-management-strategies-for-modern-agriculture-div},
  author={Agricultural Robotics Research Team},
  journal={Agricultural Robotics Journal},
  volume={10},
  pages={1--15},
  year={2020},
  publisher={Agricultural Technology Press}
}

@article{harvesting_tech_2021,
  title={Identifying the spatiotemporal changes of annual harvesting areas for three staple crops in China by integrating multi-data sources},
  author={Agricultural Robotics Research Team},
  journal={Agricultural Robotics Journal},
  volume={10},
  pages={1--15},
  year={2020},
  publisher={Agricultural Technology Press}
}

@article{apple_detection_2020,
  title={Design  integration  and field evaluation of a robotic apple harvester},
  author={Agricultural Robotics Research Team},
  journal={Agricultural Robotics Journal},
  volume={10},
  pages={1--15},
  year={2020},
  publisher={Agricultural Technology Press}
}

@article{agricultural_robotics_2020,
  title={Development of sensors-based agri-food traceability system remotely managed by a software platform for optimized farm management},
  author={Agricultural Robotics Research Team},
  journal={Agricultural Robotics Journal},
  volume={10},
  pages={1--15},
  year={2020},
  publisher={Agricultural Technology Press}
}

@article{agricultural_robot_2020,
  title={An Extensive Review of Mobile Agricultural Robotics for Field Operations Focus on Cotton Harvesting},
  author={Agricultural Robotics Research Team},
  journal={Agricultural Robotics Journal},
  volume={10},
  pages={1--15},
  year={2020},
  publisher={Agricultural Technology Press}
}

@article{agricultural_robot_2020,
  title={A review of key techniques of vision-based control for harvesting robot},
  author={Agricultural Robotics Research Team},
  journal={Agricultural Robotics Journal},
  volume={10},
  pages={1--15},
  year={2020},
  publisher={Agricultural Technology Press}
}

@article{agricultural_robotics_2020,
  title={Fruit detection in natural environment using partial shape matching and probabilistic Hough transform},
  author={Agricultural Robotics Research Team},
  journal={Agricultural Robotics Journal},
  volume={10},
  pages={1--15},
  year={2020},
  publisher={Agricultural Technology Press}
}

@article{strawberry_robot_2019,
  title={The Status and Future of the Strawberry Industry in the United States},
  author={Agricultural Robotics Research Team},
  journal={Agricultural Robotics Journal},
  volume={10},
  pages={1--15},
  year={2020},
  publisher={Agricultural Technology Press}
}

@article{agricultural_robot_2020,
  title={State-of-the-art robotic grippers, grasping and control strategies, as well as their applications in agricultural robots A review},
  author={Agricultural Robotics Research Team},
  journal={Agricultural Robotics Journal},
  volume={10},
  pages={1--15},
  year={2020},
  publisher={Agricultural Technology Press}
}

@article{agricultural_robotics_2020,
  title={Blockchain and smart contract for IoT enabled smart agriculture},
  author={Agricultural Robotics Research Team},
  journal={Agricultural Robotics Journal},
  volume={10},
  pages={1--15},
  year={2020},
  publisher={Agricultural Technology Press}
}

