
@article{kaelbling1996reinforcement,
  title={Reinforcement learning: A survey},
  author={Kaelbling, Leslie Pack and Littman, Michael L and Moore, Andrew W},
  journal={Journal of artificial intelligence research},
  volume={4},
  pages={237--285},
  year={1996}
}
@article{aiello2003ultra,
  title={Ultra-wideband wireless systems},
  author={Aiello, G Roberto and Rogerson, Gerald D},
  journal={IEEE microwave magazine},
  volume={4},
  number={2},
  pages={36--47},
  year={2003},
  publisher={IEEE}
}
@inproceedings{mao2018probabilistic,
  title={A probabilistic learning approach to UWB ranging error mitigation},
  author={Mao, Chengzhi and Lin, Kangbo and Yu, Tiancheng and Shen, Yuan},
  booktitle={2018 IEEE Global Communications Conference (GLOBECOM)},
  pages={1--6},
  year={2018},
  organization={IEEE}
}
@article{marano2010nlos,
  title={NLOS identification and mitigation for localization based on UWB experimental data},
  author={Marano, Stefano and Gifford, Wesley M and Wymeersch, Henk and Win, Moe Z},
  journal={IEEE Journal on selected areas in communications},
  volume={28},
  number={7},
  pages={1026--1035},
  year={2010},
  publisher={IEEE}
}
@article{hsu2015multipath,
  title={Multipath mitigation and NLOS detection using vector tracking in urban environments},
  author={Hsu, Li-Ta and Jan, Shau-Shiun and Groves, Paul D and Kubo, Nobuaki},
  journal={Gps Solutions},
  volume={19},
  pages={249--262},
  year={2015},
  publisher={Springer}
}
@article{miao2007positioning,
  title={Positioning for NLOS propagation: Algorithm derivations and Cramer--Rao bounds},
  author={Miao, Honglei and Yu, Kegen and Juntti, Markku J},
  journal={IEEE Transactions on Vehicular Technology},
  volume={56},
  number={5},
  pages={2568--2580},
  year={2007},
  publisher={IEEE}
}
@inproceedings{davis2006relationship,
  title={The relationship between Precision-Recall and ROC curves},
  author={Davis, Jesse and Goadrich, Mark},
  booktitle={Proceedings of the 23rd international conference on Machine learning},
  pages={233--240},
  year={2006}
}
@article{yang2024Nonlineofsight,
  title = {Non-Line-of-Sight Target Tracking with Improved Recurrent Extreme Learning Machine},
  author = {Yang, Xiaofeng},
  year = {2024},
  journal = {Complex \& Intelligent Systems},
  volume = {10},
  number = {1},
  pages = {161--170},
  doi = {10.1007/s40747-023-01156-7},
  langid = {english}
}


@article{tiemann2019scalability,
  title={Scalability, real-time capabilities, and energy efficiency in ultra-wideband localization},
  author={Tiemann, Janis and Wietfeld, Christian},
  journal={IEEE Transactions on Industrial Informatics},
  volume={15},
  number={12},
  pages={6313--6321},
  year={2019},
  publisher={IEEE}
}
@article{ridolfi2018analysis,
  title={Analysis of the scalability of UWB indoor localization solutions for high user densities},
  author={Ridolfi, Matteo and Van de Velde, Samuel and Steendam, Heidi and De Poorter, Eli},
  journal={Sensors},
  volume={18},
  number={6},
  pages={1875},
  year={2018},
  publisher={MDPI}
}
@article{kerdjidj2024uncovering,
  title={Uncovering the potential of indoor localization: Role of deep and transfer learning},
  author={Kerdjidj, Oussama and Himeur, Yassine and Sohail, S S and Amira, Abbes and Fadli, Fodil and Attala, S and Mansoor, Wathiq and Copiaco, Abigail and Gawanmeh, Amjad and Miniaoui, Sami and others},
  journal={IEEE Access},
  year={2024},
  publisher={IEEE}
}
@inproceedings{ying2012classification,
  title={Classification of transmission environment in UWB communication using a support vector machine},
  author={Ying, Ru and Jiang, Ting and Xing, Zhihao},
  booktitle={2012 IEEE Globecom Workshops},
  pages={1389--1393},
  year={2012},
  organization={IEEE}
}
@article{hajiakhondi2022dqlel,
  title={DQLEL: Deep Q-learning for energy-optimized LoS/NLoS UWB node selection},
  author={Hajiakhondi-Meybodi, Zohreh and Mohammadi, Arash and Hou, Ming and Plataniotis, Konstantinos N},
  journal={IEEE Transactions on Signal Processing},
  volume={70},
  pages={2532--2547},
  year={2022},
  publisher={IEEE}
}
@inproceedings{tran2022deepcir,
  title={DeepCIR: Insights into CIR-based data-driven UWB error mitigation},
  author={Tran, Vu and Dai, Zhuangzhuang and Trigoni, Niki and Markham, Andrew},
  booktitle={2022 IEEE/RSJ International Conference on Intelligent Robots and Systems (IROS)},
  pages={13300--13307},
  year={2022},
  organization={IEEE}
}
@article{liu2023real,
  title={Real-time remote measurement of distance using ultra-wideband (UWB) sensors},
  author={Liu, Yiming and Bao, Yi},
  journal={Automation in Construction},
  volume={150},
  pages={104849},
  year={2023},
  publisher={Elsevier}
}
@inproceedings{yacouby2020probabilistic,
  title={Probabilistic extension of precision, recall, and f1 score for more thorough evaluation of classification models},
  author={Yacouby, Reda and Axman, Dustin},
  booktitle={Proceedings of the first workshop on evaluation and comparison of NLP systems},
  pages={79--91},
  year={2020}
}
@article{ding2017uplink,
  title={Uplink performance analysis of dense cellular networks with LoS and NLoS transmissions},
  author={Ding, Tian and Ding, Ming and Mao, Guoqiang and Lin, Zihuai and L{\'o}pez-P{\'e}rez, David and Zomaya, Albert Y},
  journal={IEEE Transactions on Wireless Communications},
  volume={16},
  number={4},
  pages={2601--2613},
  year={2017},
  publisher={IEEE}
}

@article{dong2023Nonlineofsighta,
  title = {A Non-Line-of-Sight Mitigation Method for Indoor Ultra-Wideband Localization with Multiple Walls},
  author = {Dong, Mengyao and Qi, Yihong and Wang, Xianbin and Liu, Yiming},
  year = {2023},
  journal = {IEEE Transactions on Industrial Informatics},
  volume = {19},
  number = {7},
  pages = {8183--8195},
  doi = {10.1109/TII.2022.3217533}
}

@article{cwalina2019deep,
title={Deep learning-based LOS and NLOS identification in wireless body area networks},
author={Cwalina, Krzysztof K and Rajchowski, Piotr and Blaszkiewicz, Olga and Olejniczak, Alicja and Sadowski, Jaroslaw},
journal={Sensors},
volume={19},
number={19},
pages={4229},
year={2019},
publisher={MDPI}
}
@article{olejniczak2024and,
title={LOS and NLOS identification in real indoor environment using deep learning approach},
author={Olejniczak, Alicja and Blaszkiewicz, Olga and Cwalina, Krzysztof K and Rajchowski, Piotr and Sadowski, Jaroslaw},
journal={Digital Communications and Networks},
volume={10},
number={5},
pages={1305--1312},
year={2024},
publisher={Elsevier}
}
@article{liu2024wdma,
title={WDMA-UWB indoor positioning through channel classification-based NLOS mitigation approach},
author={Liu, Qingzhi and Zhao, Yanlong and Yin, Zhendong and Wu, Zhilu},
journal={IEEE Sensors Journal},
year={2024},
publisher={IEEE}
}
@article{kirmaz2023toa,
title={ToA and TDoA estimation using artificial neural networks for high-accuracy ranging},
author={Kirmaz, Anil and {\c{S}}ahin, Taylan and Michalopoulos, Diomidis S and Gerstacker, Wolfgang},
journal={IEEE Journal on Selected Areas in Communications},
volume={41},
number={12},
pages={3816--3830},
year={2023},
publisher={IEEE}
}
@inproceedings{gallacher2023Poster,
  title = {Poster: Towards NLOS Ranging Error Detection and Mitigation Using Machine Learning on Embedded Ultra-Wideband Devices},
  shorttitle = {Poster},
  booktitle = {Proceedings of the 2022 International Conference on Embedded Wireless Systems and Networks},
  author = {Gallacher, Markus and Stocker, Michael and Boano, Carlo Alberto and Romer, Kay},
  year = {2023},
  series = {EWSN '22},
  pages = {198--199},
  publisher = {Association for Computing Machinery},
  address = {New York, NY, USA},
  langid = {english}
}

@article{sun2023Channel,
  title = {Channel State Identification in Complex Indoor Environments With ST-CNN and Transfer Learning},
  author = {Sun, Zhiguo and Wang, Kaixuan and Sun, Rongchen and Chen, Zengmao},
  year = {2023},
  journal = {IEEE Communications Letters},
  volume = {27},
  number = {2},
  pages = {546--550},
  doi = {10.1109/LCOMM.2022.3220506},
  langid = {english}
}

@article{naheem2024Robustb,
  title = {A Robust Indoor Pedestrian Localization Approach Against Human Body Shadowing for UWB-Enabled Smartphones},
  author = {Naheem, Khawar and Kim, Mun Sang},
  year = {2024},
  journal = {IEEE Transactions on Instrumentation and Measurement},
  volume = {73},
  pages = {1--13},
  doi = {10.1109/TIM.2024.3368497},
  copyright = {https://ieeexplore.ieee.org/Xplorehelp/downloads/license-information/IEEE.html}
}

@article{coene2024LocationAwarea,
  title = {Location-Aware Range-Error Correction for Improved UWB Localization},
  author = {Coene, Sander and Li, Chenglong and Kram, Sebastian and Tanghe, Emmeric and Joseph, Wout and Plets, David},
  year = {2024},
  journal = {Sensors},
  volume = {24},
  number = {10},
  pages = {3203},
  publisher = {Multidisciplinary Digital Publishing Institute},
  doi = {10.3390/s24103203},
  copyright = {http://creativecommons.org/licenses/by/3.0/},
  langid = {english}
}

@article{fontaine2024Transfer,
  title = {Transfer Learning for UWB Error Correction and (N)LOS Classification in Multiple Environments},
  author = {Fontaine, Jaron and Che, Fuhu and Shahid, Adnan and Van Herbruggen, Ben and Ahmed, Qasim Zeeshan and Bin Abbas, Waqas and De Poorter, Eli},
  year = {2024},
  journal = {IEEE Internet of Things Journal},
  volume = {11},
  number = {3},
  pages = {4085--4101},
  doi = {10.1109/JIOT.2023.3299319},
  langid = {english}
}

@article{chen2024Exploiting,
  title = {Exploiting Anchor Links for NLOS Combating in UWB Localization},
  author = {Chen, Yijie and Wang, Jiliang and Yang, Jing},
  year = {2024},
  journal = {ACM Trans. Sen. Netw.},
  volume = {20},
  number = {3},
  pages = {72:1--72:22},
  doi = {10.1145/3657639},
  langid = {english}
}

@article{tu2024UWBa,
  title = {UWB Indoor Localization Method Based on Neural Network Multi-Classification for NLOS Distance Correction},
  author = {Tu, Cheng and Zhang, Jiabin and Quan, Zhi and Ding, Yingqiang},
  year = {2024},
  journal = {Sensors and Actuators A: Physical},
  volume = {379},
  pages = {115904},
  doi = {10.1016/j.sna.2024.115904}
}

@inproceedings{kirmaz2023Time,
  title = {Time of Arrival Error Estimation for Positioning Using Convolutional Neural Networks},
  booktitle = {2023 IEEE Wireless Communications and Networking Conference (WCNC)},
  author = {Kirmaz, Anil and {\c S}ahin, Taylan and Michalopoulos, Diomidis S. and Ashraf, Muhammad Ikram and Gerstacker, Wolfgang},
  year = {2023},
  pages = {1--6},
  doi = {10.1109/WCNC55385.2023.10118967},
  langid = {english}
}

@article{wei2022NLOS,
  title = {NLOS Identification Using Parallel Deep Learning Model and Time-Frequency Information in UWB-Based Positioning System},
  author = {Wei, Junyu and Wang, Haowen and Su, Shaojing and Tang, Ying and Guo, Xiaojun and Sun, Xiaoyong},
  year = {2022},
  journal = {Measurement},
  volume = {195},
  pages = {111191},
  doi = {10.1016/j.measurement.2022.111191},
  langid = {english}
}

@article{bregar2018Improving,
  title = {Improving Indoor Localization Using Convolutional Neural Networks on Computationally Restricted Devices},
  author = {Bregar, Klemen and Mohor{\v c}i{\v c}, Mihael},
  year = {2018},
  journal = {IEEE Access},
  volume = {6},
  pages = {17429--17441},
  doi = {10.1109/ACCESS.2018.2817800},
  langid = {english}
}

@article{angarano2021Robust,
  title = {Robust Ultra-Wideband Range Error Mitigation with Deep Learning at the Edge},
  author = {Angarano, Simone and Mazzia, Vittorio and Salvetti, Francesco and Fantin, Giovanni and Chiaberge, Marcello},
  year = {2021},
  journal = {Engineering Applications of Artificial Intelligence},
  volume = {102},
  pages = {104278},
  doi = {10.1016/j.engappai.2021.104278},
  langid = {english}
}

@article{pei2023FCNAttention,
  title = {FCN-Attention: A Deep Learning UWB NLOS/LOS Classification Algorithm Using Fully Convolution Neural Network with Self-Attention Mechanism},
  shorttitle = {FCN-Attention},
  author = {Pei, Yu and Chen, Ruizhi and Li, Deren and Xiao, Xiongwu and Zheng, Xingyu},
  year = {2023},
  journal = {Geo-spatial Information Science},
  volume = {0},
  number = {0},
  pages = {1--20},
  publisher = {Taylor \& Francis},
  doi = {10.1080/10095020.2023.2178334},
  langid = {english}
}

@article{deng2023UWBa,
  title = {UWB NLOS Recognition Based on Improved Convolutional Neural Network Assisted by Wavelet Analysis and Gramian Angular Field},
  author = {Deng, Xiaogang and Ping, Zhiyuan and Sun, Rui},
  year = {2023},
  journal = {IEEE Sensors Journal},
  volume = {23},
  number = {14},
  pages = {16384--16392},
  doi = {10.1109/JSEN.2023.3281729},
  langid = {english}
}

@article{musa2019Decision,
  title = {A Decision Tree-Based NLOS Detection Method for the UWB Indoor Location Tracking Accuracy Improvement},
  author = {Musa, Ardiansyah and Nugraha, Gde Dharma and Han, Hyojeong and Choi, Deokjai and Seo, Seongho and Kim, Juseok},
  year = {2019},
  journal = {International Journal of Communication Systems},
  volume = {32},
  number = {13},
  pages = {e3997},
  doi = {10.1002/dac.3997},
  copyright = {{\copyright} 2019 John Wiley \& Sons, Ltd.},
  langid = {english}
}

@article{jiang2020UWBc,
  title = {An UWB Channel Impulse Response De-Noising Method for NLOS/LOS Classification Boosting},
  author = {Jiang, Changhui and Chen, Shuai and Chen, Yuwei and Liu, Di and Bo, Yuming},
  year = {2020},
  journal = {IEEE Communications Letters},
  volume = {24},
  number = {11},
  pages = {2513--2517},
  doi = {10.1109/LCOMM.2020.3009659},
  langid = {english}
}

@article{liu2022UWBa,
  title = {UWB LOS/NLOS Identification in Multiple Indoor Environments Using Deep Learning Methods},
  author = {Liu, Qingzhi and Yin, Zhendong and Zhao, Yanlong and Wu, Zhilu and Wu, Mingyang},
  year = {2022},
  journal = {Physical Communication},
  volume = {52},
  pages = {101695},
  doi = {10.1016/j.phycom.2022.101695},
  langid = {english}
}


@article{tu2024UWB,
  title = {UWB Indoor Localization Method Based on Neural Network Multi-Classification for NLOS Distance Correction},
  author = {Tu, Cheng and Zhang, Jiabin and Quan, Zhi and Ding, Yingqiang},
  year = {2024},
  journal = {Sensors and Actuators A: Physical},
  volume = {379},
  pages = {115904},
  doi = {10.1016/j.sna.2024.115904},
  langid = {american}
}

@article{liu2025Hard,
  title = {Hard Sample Meta-Learning for CIR NLOS Identification in UWB Positioning},
  author = {Liu, Yinong and Si, Haonan and Boateng, Gordon Owusu and Guo, Xiansheng and Cao, Yu and Qian, Bocheng and Ansari, Nirwan},
  year = {2025},
  journal = {IEEE Internet of Things Journal},
  pages = {1--1},
  doi = {10.1109/JIOT.2025.3525722},
  langid = {american}
}

@inproceedings{kaune2012accuracy,
  title={Accuracy studies for TDOA and TOA localization},
  author={Kaune, Regina},
  booktitle={2012 15th International Conference on Information Fusion},
  pages={408--415},
  year={2012},
  organization={IEEE}
}
@article{sherstinsky2020fundamentals,
  title={Fundamentals of recurrent neural network (RNN) and long short-term memory (LSTM) network},
  author={Sherstinsky, Alex},
  journal={Physica D: Nonlinear Phenomena},
  volume={404},
  pages={132306},
  year={2020},
  publisher={Elsevier}
}
@article{alzubaidi2021review,
  title={Review of deep learning: concepts, CNN architectures, challenges, applications, future directions},
  author={Alzubaidi, Laith and Zhang, Jinglan and Humaidi, Amjad J and Al-Dujaili, Ayad and Duan, Ye and Al-Shamma, Omran and Santamar{\'\i}a, Jos{\'e} and Fadhel, Mohammed A and Al-Amidie, Muthana and Farhan, Laith},
  journal={Journal of big Data},
  volume={8},
  pages={1--74},
  year={2021},
  publisher={Springer}
}
@article{taponecco2011joint,
  title={Joint TOA and AOA estimation for UWB localization applications},
  author={Taponecco, Lorenzo and D'Amico, ANTONIO ALBERTO and Mengali, Umberto},
  journal={IEEE Transactions on Wireless Communications},
  volume={10},
  number={7},
  pages={2207--2217},
  year={2011},
  publisher={IEEE}
}
@article{wang2024comprehensive,
author={Wang, Shoude and Ahmad, Nur Syazreen},
journal={IEEE Access}, 
title={A Comprehensive Review on Sensor Fusion Techniques for Localization of a Dynamic Target in GPS-Denied Environments}, 
year={2025},
volume={13},
number={},
pages={2252-2285},
keywords={Accuracy;Sensor fusion;Location awareness;Reviews;IP networks;Costs;Zigbee;Vehicle dynamics;Wireless fidelity;Laser radar;Positioning in GDE;indoor positioning system;sensor fusion;dynamic target},
doi={10.1109/ACCESS.2024.3519874}}


@article{zhang2009uwb,
  title={UWB systems for wireless sensor networks},
  author={Zhang, Jinyun and Orlik, Philip V and Sahinoglu, Zafer and Molisch, Andreas F and Kinney, Patrick},
  journal={Proceedings of the IEEE},
  volume={97},
  number={2},
  pages={313--331},
  year={2009},
  publisher={IEEE}
}
@article{lasi2014industry,
  title={Industry 4.0},
  author={Lasi, Heiner and Fettke, Peter and Kemper, Hans-Georg and Feld, Thomas and Hoffmann, Michael},
  journal={Business \& information systems engineering},
  volume={6},
  pages={239--242},
  year={2014},
  publisher={Springer}
}
@article{silva2018towards,
  title={Towards sustainable smart cities: A review of trends, architectures, components, and open challenges in smart cities},
  author={Silva, Bhagya Nathali and Khan, Murad and Han, Kijun},
  journal={Sustainable cities and society},
  volume={38},
  pages={697--713},
  year={2018},
  publisher={Elsevier}
}
@article{madakam2015internet,
  title={Internet of Things (IoT): A literature review},
  author={Madakam, Somayya and Ramaswamy, Ramya and Tripathi, Siddharth},
  journal={Journal of computer and communications},
  volume={3},
  number={5},
  pages={164--173},
  year={2015},
  publisher={Scientific Research Publishing}
}
@book{oppermann2004uwb,
  title={UWB: theory and applications},
  author={Oppermann, Ian and H{\"a}m{\"a}l{\"a}inen, Matti and Iinatti, Jari},
  year={2004},
  publisher={John Wiley \& Sons}
}
@article{yu2018novel,
  title={A novel NLOS mitigation algorithm for UWB localization in harsh indoor environments},
  author={Yu, Kegen and Wen, Kai and Li, Yingbing and Zhang, Shuai and Zhang, Kefei},
  journal={IEEE Transactions on Vehicular Technology},
  volume={68},
  number={1},
  pages={686--699},
  year={2018},
  publisher={IEEE}
}
@article{dwek2019improving,
  title={Improving the accuracy and robustness of ultra-wideband localization through sensor fusion and outlier detection},
  author={Dwek, Nathan and Birem, Merwan and Geebelen, Kurt and Hostens, Erik and Mishra, Anurodh and Steckel, Jan and Yudanto, Risang},
  journal={IEEE Robotics and Automation Letters},
  volume={5},
  number={1},
  pages={32--39},
  year={2019},
  publisher={IEEE}
}
@article{gao2023method,
  title={A method for UWB localization based on CNN-SVM and hybrid locating algorithm},
  author={Gao, Zefu and Jiao, Yiwen and Yang, Wenge and Li, Xuejian and Wang, Yuxin},
  journal={Information},
  volume={14},
  number={1},
  pages={46},
  year={2023},
  publisher={MDPI}
}
@article{wymeersch2012machine,
  title={A machine learning approach to ranging error mitigation for UWB localization},
  author={Wymeersch, Henk and Maran{\`o}, Stefano and Gifford, Wesley M and Win, Moe Z},
  journal={IEEE transactions on communications},
  volume={60},
  number={6},
  pages={1719--1728},
  year={2012},
  publisher={IEEE}
}
@article{hochreiter1998vanishing,
  title={The vanishing gradient problem during learning recurrent neural nets and problem solutions},
  author={Hochreiter, Sepp},
  journal={International Journal of Uncertainty, Fuzziness and Knowledge-Based Systems},
  volume={6},
  number={02},
  pages={107--116},
  year={1998},
  publisher={World Scientific}
}
@article{kram2019uwb,
  title={UWB channel impulse responses for positioning in complex environments: A detailed feature analysis},
  author={Kram, Sebastian and Stahlke, Maximilian and Feigl, Tobias and Seitz, Jochen and Thielecke, J{\"o}rn},
  journal={Sensors},
  volume={19},
  number={24},
  pages={5547},
  year={2019},
  publisher={MDPI}
}
@article{guvenc2009Survey,
  title = {A Survey on TOA Based Wireless Localization and NLOS Mitigation Techniques},
  author = {Guvenc, Ismail and Chong, Chia-Chin},
  year = {2009},
  journal = {IEEE Communications Surveys \& Tutorials},
  volume = {11},
  number = {3},
  pages = {107--124},
  doi = {10.1109/SURV.2009.090308}
}

@article{khodjaev2010Survey,
  title = {Survey of NLOS Identification and Error Mitigation Problems in UWB-Based Positioning Algorithms for Dense Environments},
  author = {Khodjaev, Jasurbek and Park, Yongwan and Saeed Malik, Aamir},
  year = {2010},
  journal = {annals of telecommunications - annales des t{\'e}l{\'e}communications},
  volume = {65},
  number = {5},
  pages = {301--311},
  doi = {10.1007/s12243-009-0124-z},
  langid = {english}
}

@article{nkrow2024NLOSa,
  title = {NLOS Identification and Mitigation for Time-Based Indoor Localization Systems: Survey and Future Research Directions},
  shorttitle = {NLOS Identification and Mitigation for Time-Based Indoor Localization Systems},
  author = {Nkrow, Raphael Elikplim and Silva, Bruno and Boshoff, Dutliff and Hancke, Gerhard and Gidlund, Mikael and {Abu-Mahfouz}, Adnan},
  year = {2024},
  journal = {ACM Comput. Surv.},
  doi = {10.1145/3663473},
  langid = {english}
}

@inproceedings{stocker2023Applyingc,
  title = {Applying NLOS Classification and Error Correction Techniques to UWB Systems: Lessons Learned and Recommendations},
  shorttitle = {Applying NLOS Classification and Error Correction Techniques to UWB Systems},
  booktitle = {Proceedings of Cyber-Physical Systems and Internet of Things Week 2023},
  author = {Stocker, Michael and Gallacher, Markus and Boano, Carlo Alberto and Roemer, Kay},
  year = {2023},
  series = {CPS-IoT Week '23},
  pages = {78--83},
  publisher = {Association for Computing Machinery},
  address = {New York, NY, USA},
  doi = {10.1145/3576914.3587522},
  isbn = {979-8-4007-0049-1},
  langid = {american}
}

@article{wang2023Survey,
  title = {Survey on NLOS Identification and Error Mitigation for UWB Indoor Positioning},
  author = {Wang, Fang and Tang, Hai and Chen, Jialei},
  year = {2023},
  journal = {Electronics},
  volume = {12},
  number = {7},
  pages = {1678},
  publisher = {Multidisciplinary Digital Publishing Institute},
  doi = {10.3390/electronics12071678},
  copyright = {http://creativecommons.org/licenses/by/3.0/},
  langid = {english}
}

@inproceedings{kolakowski2018Detection,
  title = {Detection of Direct Path Component Absence in NLOS UWB Channel},
  booktitle = {2018 22nd International Microwave and Radar Conference (MIKON)},
  author = {Kolakowski, Marcin and Modelski, Jozef},
  year = {2018},
  pages = {247--250},
  doi = {10.23919/MIKON.2018.8405190}
}

@inproceedings{bregar2016NLOS,
  title = {NLOS Channel Detection with Multilayer Perceptron in Low-Rate Personal Area Networks for Indoor Localization Accuracy Improvement},
  author = {Bregar, Klemen and Hrovat, Andrej and Mohorcic, Mihael},
  year = {2016},
  langid = {english}
}

@article{zhu2023robust,
  title={Robust LOS/NLOS identification for UWB signals using improved fuzzy decision tree under volatile indoor conditions},
  author={Zhu, Feiyang and Yu, Kegen and Lin, Yiruo and Wang, Changyang and Wang, Jin and Chao, Minghua},
  journal={IEEE Transactions on Instrumentation and Measurement},
  volume={72},
  pages={1--11},
  year={2023},
  publisher={IEEE}
}
@article{nosrati2024Improving,
  title = {Improving Indoor Localization Using Mobile UWB Sensor and Deep Reinforcement Learning},
  author = {Nosrati, Leyla and Semnani, Samaneh Hoseini and Fazel, Mohammad Sadegh and Rakhshani, Sajed and Ghavami, Mohammad},
  year = {2024},
  journal = {IEEE Sensors Journal},
  volume = {24},
  number = {20},
  pages = {32546--32553},
  doi = {10.1109/JSEN.2024.3442974}
}

@article{yang2025Fuzzy,
  title = {Fuzzy Transformer Machine Learning for UWB NLOS Identification and Ranging Mitigation},
  author = {Yang, Hongchao and Wang, Yunjia and Seow, Chee Kiat and Sun, Meng and Coene, Sander and Huang, Lu and Joseph, Wout and Plets, David},
  year = {2025},
  journal = {IEEE Transactions on Instrumentation and Measurement},
  volume = {74},
  pages = {1--17},
  doi = {10.1109/TIM.2025.3548180},
  langid = {american}
}

@article{bregar2018Improvingc,
  title = {Improving Indoor Localization Using Convolutional Neural Networks on Computationally Restricted Devices},
  author = {Bregar, Klemen and Mohor{\v c}i{\v c}, Mihael},
  year = {2018},
  journal = {IEEE Access},
  volume = {6},
  pages = {17429--17441},
  doi = {10.1109/ACCESS.2018.2817800}
}

@article{chen2020UWB,
  title = {UWB System for Indoor Positioning and Tracking With Arbitrary Target Orientation, Optimal Anchor Location, and Adaptive NLOS Mitigation},
  author = {Chen, Yu-Yao and Huang, Shih-Ping and Wu, Ting-Wei and Tsai, Wei-Ting and Liou, Chong-Yi and Mao, Shau-Gang},
  year = {2020},
  journal = {IEEE Transactions on Vehicular Technology},
  volume = {69},
  number = {9},
  pages = {9304--9314},
  doi = {10.1109/TVT.2020.2972578}
}

@article{chen2025Achieving,
  title = {Achieving Cross-Domain NLOS Localization via Edge-Assisted Semi-Supervised Learning},
  author = {Chen, Pengpeng and Zhang, Kuiyuan and Gao, Shouwan and He, Kangjia and Lv, Junpeng},
  year = {2025},
  journal = {IEEE Transactions on Wireless Communications},
  pages = {1--1},
  doi = {10.1109/TWC.2025.3560688}
}

@article{cui2021NLOS,
  title = {LOS/NLOS Identification for Indoor UWB Positioning Based on Morlet Wavelet Transform and Convolutional Neural Networks},
  author = {Cui, Zhichao and Gao, Yufang and Hu, Jing and Tian, Shiwei and Cheng, Jian},
  year = {2021},
  journal = {IEEE Communications Letters},
  volume = {25},
  number = {3},
  pages = {879--882},
  doi = {10.1109/LCOMM.2020.3039251}
}

@article{deng2023UWB,
  title = {UWB NLOS Identification and Mitigation Based on Gramian Angular Field and Parallel Deep Learning Model},
  author = {Deng, Bowen and Xu, Tangwen and Yan, Maode},
  year = {2023},
  journal = {IEEE Sensors Journal},
  volume = {23},
  number = {22},
  pages = {28513--28525},
  doi = {10.1109/JSEN.2023.3323564},
  langid = {american}
}

@article{fontaine2020Edge,
  title = {Edge Inference for UWB Ranging Error Correction Using Autoencoders},
  author = {Fontaine, Jaron and Ridolfi, Matteo and Van Herbruggen, Ben and Shahid, Adnan and De Poorter, Eli},
  year = {2020},
  journal = {IEEE Access},
  volume = {8},
  pages = {139143--139155},
  doi = {10.1109/ACCESS.2020.3012822}
}

@article{hwang2025Ultrawideband,
  title = {Ultrawideband Non-Line-of-Sight Classification Using Transformer-Convolutional Neural Networks},
  author = {Hwang, Hae-Ji and Jeong, Seon-Geun and Hwang, Won-Joo},
  year = {2025},
  journal = {IEEE Access},
  pages = {1--1},
  doi = {10.1109/ACCESS.2025.3568830}
}

@article{jiang2020UWB,
  title = {UWB NLOS/LOS Classification Using Deep Learning Method},
  author = {Jiang, Changhui and Shen, Jichun and Chen, Shuai and Chen, Yuwei and Liu, Di and Bo, Yuming},
  year = {2020},
  journal = {IEEE Communications Letters},
  volume = {24},
  number = {10},
  pages = {2226--2230},
  doi = {10.1109/LCOMM.2020.2999904}
}

@article{joung2019CNNbased,
  title = {CNN-Based Tx--Rx Distance Estimation for UWB System Localisation},
  author = {Joung, J. and Jung, S. and Chung, S. and Jeong, E.-R.},
  year = {2019},
  journal = {Electronics Letters},
  volume = {55},
  number = {17},
  pages = {938--940},
  doi = {10.1049/el.2019.1084},
  copyright = {{\copyright} 2020 The Institution of Engineering and Technology},
  langid = {english}
}

@article{kim2023UWB,
  title = {UWB Positioning System Based on LSTM Classification with Mitigated NLOS Effects},
  author = {Kim, Dae-Ho and Farhad, Arshad and Pyun, Jae-Young},
  year = {2023},
  journal = {IEEE Internet of Things Journal},
  volume = {10},
  number = {2},
  pages = {1822--1835},
  doi = {10.1109/JIOT.2022.3209735},
  langid = {american}
}

@article{kim2024Enhanced,
  title = {Enhanced UWB Ranging Utilizing Denoising Neural Network},
  author = {Kim, Dae-Ho and Pyun, Jae-Young},
  year = {2024},
  journal = {IEEE Communications Letters},
  volume = {28},
  number = {5},
  pages = {1029--1033},
  doi = {10.1109/LCOMM.2024.3374398},
  langid = {english}
}

@inproceedings{kristensen2019NonLineofSight,
  title = {Non-Line-of-Sight Identification for UWB Indoor Positioning Systems Using Support Vector Machines},
  booktitle = {2019 IEEE MTT-S International Wireless Symposium (IWS)},
  author = {Kristensen, Jeppe Bro and Massanet Ginard, Michel and Jensen, Ole Kiel and Shen, Ming},
  year = {2019},
  pages = {1--3},
  doi = {10.1109/IEEE-IWS.2019.8804072}
}

@inproceedings{li2021SemiSuperviseda,
  title = {A Semi-Supervised Learning Approach for Ranging Error Mitigation Based on UWB Waveform},
  booktitle = {MILCOM 2021 - 2021 IEEE Military Communications Conference (MILCOM)},
  author = {Li, Yuxiao and Mazuelas, Santiago and Shen, Yuan},
  year = {2021},
  pages = {533--537},
  publisher = {IEEE Press},
  address = {San Diego, CA, USA},
  doi = {10.1109/MILCOM52596.2021.9653043}
}

@article{li2024UWB,
  title = {UWB (N)LOS Identification Based on Deep Learning and Transfer Learning},
  author = {Li, Jianglong and Liu, Songlin and Gao, Yipin and Lv, Yunzhu and Wei, Hua},
  year = {2024},
  journal = {IEEE Communications Letters},
  pages = {1--1},
  doi = {10.1109/LCOMM.2024.3429388},
  langid = {english}
}

@article{liu2022UWBb,
  title = {UWB LOS/NLOS Identification in Multiple Indoor Environments Using Deep Learning Methods},
  author = {Liu, Qingzhi and Yin, Zhendong and Zhao, Yanlong and Wu, Zhilu and Wu, Mingyang},
  year = {2022},
  journal = {Phys. Commun.},
  volume = {52},
  number = {C},
  doi = {10.1016/j.phycom.2022.101695}
}

@article{liu2024WDMAUWBa,
  title = {WDMA-UWB Indoor Positioning through Channel Classification-Based NLOS Mitigation Approach},
  author = {Liu, Qingzhi and Zhao, Yanlong and Yin, Zhendong and Wu, Zhilu},
  year = {2024},
  journal = {IEEE Sensors Journal},
  volume = {24},
  number = {18},
  pages = {28995--29005},
  doi = {10.1109/JSEN.2024.3434329}
}

@article{lu2022Detection,
  title = {Detection and Localization of Breast Cancer Using UWB Microwave Technology and CNN-LSTM Framework},
  author = {Lu, Min and Xiao, Xia and Pang, Yanwei and Liu, Guancong and Lu, Hong},
  year = {2022},
  journal = {IEEE Transactions on Microwave Theory and Techniques},
  volume = {70},
  number = {11},
  pages = {5085--5094},
  doi = {10.1109/TMTT.2022.3209679}
}

@article{niu2023Deep,
  title = {Deep Learning-Based Ranging Error Mitigation Method for UWB Localization System in Greenhouse},
  author = {Niu, Ziang and Yang, Huizhen and Zhou, Lei and Farag Taha, Mohamed and He, Yong and Qiu, Zhengjun},
  year = {2023},
  journal = {Computers and Electronics in Agriculture},
  volume = {205},
  pages = {107573},
  doi = {10.1016/j.compag.2022.107573},
  langid = {english}
}

@article{nkrow2024Transfer,
  title = {Transfer Learning-Based NLOS Identification for UWB in Dynamic Obstructed Settings},
  author = {Nkrow, Raphael E. and Silva, Bruno and Boshoff, Dutliff and Hancke, Gerhard P.},
  year = {2024},
  journal = {IEEE Transactions on Industrial Informatics},
  volume = {20},
  number = {3},
  pages = {4839--4849},
  doi = {10.1109/TII.2023.3329655},
  langid = {american}
}

@article{pei2024FCNattention,
  title = {FCN-Attention: A Deep Learning UWB NLOS/LOS Classification Algorithm Using Fully Convolution Neural Network with Self-Attention Mechanism},
  shorttitle = {FCN-Attention},
  author = {Pei, Yu and , Ruizhi, Chen and , Deren, Li and , Xiongwu, Xiao and {and Zheng}, Xingyu},
  year = {2024},
  journal = {Geo-spatial Information Science},
  volume = {27},
  number = {4},
  pages = {1162--1181},
  publisher = {Taylor \& Francis},
  doi = {10.1080/10095020.2023.2178334},
  langid = {american}
}

@inproceedings{shirinabadi2019UWB,
  title = {UWB Channel Classification Using Convolutional Neural Networks},
  booktitle = {2019 IEEE 10th Annual Ubiquitous Computing, Electronics \& Mobile Communication Conference (UEMCON)},
  author = {ShirinAbadi, Parnian A. and Abbasi, Arash},
  year = {2019},
  pages = {1064--1068},
  doi = {10.1109/UEMCON47517.2019.8993100}
}

@article{si2023Lightweight,
  title = {A Lightweight CIR-Based CNN With MLP for NLOS/LOS Identification in a UWB Positioning System},
  author = {Si, Minghao and Wang, Yunjia and Siljak, Harun and Seow, Cheekiat and Yang, Hongchao},
  year = {2023},
  journal = {IEEE Communications Letters},
  volume = {27},
  number = {5},
  pages = {1332--1336},
  doi = {10.1109/LCOMM.2023.3260953},
  langid = {english}
}

@inproceedings{stahlke2020NLOS,
  title = {NLOS Detection Using UWB Channel Impulse Responses and Convolutional Neural Networks},
  booktitle = {2020 International Conference on Localization and GNSS (ICL-GNSS)},
  author = {Stahlke, Maximilian and Kram, Sebastian and Mutschler, Christopher and Mahr, Thomas},
  year = {2020},
  pages = {1--6},
  doi = {10.1109/ICL-GNSS49876.2020.9115498},
  langid = {english}
}

@article{stahlke2022Estimating,
  title = {Estimating TOA Reliability With Variational Autoencoders},
  author = {Stahlke, Maximilian and Kram, Sebastian and Ott, Felix and Feigl, Tobias and Mutschler, Christopher},
  year = {2022},
  journal = {IEEE Sensors Journal},
  volume = {22},
  number = {6},
  pages = {5133--5140},
  doi = {10.1109/JSEN.2021.3101933},
  langid = {american}
}

@inproceedings{tran2022GANbased,
  title = {GAN-Based Data Augmentation for UWB NLOS Identification Using Machine Learning},
  booktitle = {2022 International Conference on Artificial Intelligence in Information and Communication (ICAIIC)},
  author = {Tran, Duc Hoang and Chung, ByungDeok and Jang, Yeong Min},
  year = {2022},
  pages = {417--420},
  doi = {10.1109/ICAIIC54071.2022.9722667}
}

@inproceedings{wang2019NLOS,
  title = {LOS/NLOS Channel Identification Technology Based on CNN},
  booktitle = {2019 6th NAFOSTED Conference on Information and Computer Science (NICS)},
  author = {Wang, Fei and Xu, Zhan and Zhi, Ruxin and Chen, Jinhui and Zhang, Peiyue},
  year = {2019},
  pages = {200--203},
  doi = {10.1109/NICS48868.2019.9023805}
}

@article{wang2022MultiClassification,
  title = {Multi-Classification of UWB Signal Propagation Channels Based on One-Dimensional Wavelet Packet Analysis and CNN},
  author = {Wang, Jin and Yu, Kegen and Bu, Jinwei and Lin, Yiruo and Han, Shuai},
  year = {2022},
  journal = {IEEE Transactions on Vehicular Technology},
  volume = {71},
  number = {8},
  pages = {8534--8547},
  doi = {10.1109/TVT.2022.3172863},
  langid = {english}
}

@article{wang20241DCLANet,
  title = {1D-CLANet: A Novel Network for NLoS Classification in UWB Indoor Positioning System},
  shorttitle = {1D-CLANet},
  author = {Wang, Qiu and Chen, Mingsong and Liu, Jiajie and Lin, Yongcheng and Li, Kai and Yan, Xin and Zhang, Chizhou},
  year = {2024},
  journal = {Applied Sciences},
  volume = {14},
  number = {17},
  pages = {7609},
  publisher = {Multidisciplinary Digital Publishing Institute},
  doi = {10.3390/app14177609},
  copyright = {http://creativecommons.org/licenses/by/3.0/},
  langid = {english}
}

@article{wei2022NLOSa,
  title = {NLOS Identification Using Parallel Deep Learning Model and Time-Frequency Information in UWB-Based Positioning System},
  author = {Wei, Junyu and Wang, Haowen and Su, Shaojing and Tang, Ying and Guo, Xiaojun and Sun, Xiaoyong},
  year = {2022},
  journal = {Measurement},
  volume = {195},
  pages = {111191},
  doi = {10.1016/j.measurement.2022.111191}
}

@article{wei2025New,
  title = {A New Method for Enhancing the Robustness of Close-Range Targets Imaging Based on UWB},
  author = {Wei, Jingru and Ma, Yongtao and Han, Yuxiang},
  year = {2025},
  journal = {IEEE Sensors Journal},
  volume = {25},
  number = {8},
  pages = {13290--13299},
  doi = {10.1109/JSEN.2025.3541394},
  langid = {american}
}

@inproceedings{wen2017NLOS,
  title = {NLOS Identification and Compensation for UWB Ranging Based on Obstruction Classification},
  booktitle = {2017 25th European Signal Processing Conference (EUSIPCO)},
  author = {Wen, Kai and Yu, Kegen and Li, Yingbing},
  year = {2017},
  pages = {2704--2708},
  doi = {10.23919/EUSIPCO.2017.8081702}
}

@inproceedings{zeng2019NLOSa,
  title = {NLOS Identification and Mitigation Based on CIR with Particle Filter},
  booktitle = {2019 IEEE Wireless Communications and Networking Conference (WCNC)},
  author = {Zeng, Zhuoqi and Bai, Rubing and Wang, Lei and Liu, Steven},
  year = {2019},
  pages = {1--6},
  publisher = {IEEE Press},
  address = {Marrakesh, Morocco},
  doi = {10.1109/WCNC.2019.8886002}
}

@inproceedings{zhang2023UWB,
  title = {UWB Indoor Positioning System Based on NLOS Recognition},
  booktitle = {2023 IEEE 6th International Conference on Automation, Electronics and Electrical Engineering (AUTEEE)},
  author = {Zhang, Kexin and Xi, Zhihong and Zheng, Fenghao},
  year = {2023},
  pages = {376--379},
  doi = {10.1109/AUTEEE60196.2023.10407534}
}


@inproceedings{zeng2019Novel,
  title = {A Novel Approach to NLOS Identification for UWB Positioning Based on Kernel Learning},
  booktitle = {2019 IEEE 19th International Conference on Communication Technology (ICCT)},
  author = {Zeng, Haiyu and Xie, Rui and Xu, Rong and Dai, Weihen and Tian, Shiwei},
  year = {2019},
  pages = {451--455},
  doi = {10.1109/ICCT46805.2019.8947166}
}

@inproceedings{chang2021Multibandwidth,
  title = {Multi-Bandwidth NLOS Identification Based on Deep Learning Method},
  booktitle = {2021 15th European Conference on Antennas and Propagation (EuCAP)},
  author = {Chang, Tiantian and Jiang, Suying and Sun, Yuzhe and Jia, Ailin and Wang, Wei},
  year = {2021},
  pages = {1--5},
  doi = {10.23919/EuCAP51087.2021.9411236}
}

@article{che2022FeatureBaseda,
  title = {Feature-Based Generalized Gaussian Distribution Method for NLoS Detection in Ultra-Wideband (UWB) Indoor Positioning System},
  author = {Che, Fuhu and Ahmed, Qasim Zeeshan and Fontaine, Jaron and Van Herbruggen, Ben and Shahid, Adnan and De Poorter, Eli and Lazaridis, Pavlos I.},
  year = {2022},
  journal = {IEEE Sensors Journal},
  volume = {22},
  number = {19},
  pages = {18726--18739},
  doi = {10.1109/JSEN.2022.3198680},
  langid = {english}
}

@article{coene2024LocationAware,
  title = {Location-Aware Range-Error Correction for Improved UWB Localization},
  author = {Coene, Sander and Li, Chenglong and Kram, Sebastian and Tanghe, Emmeric and Joseph, Wout and Plets, David},
  year = {2024},
  journal = {Sensors},
  volume = {24},
  number = {10},
  pages = {3203},
  publisher = {Multidisciplinary Digital Publishing Institute},
  doi = {10.3390/s24103203},
  copyright = {http://creativecommons.org/licenses/by/3.0/},
  langid = {english}
}

@article{cwalina2019Deepa,
  title = {Deep Learning-Based LOS and NLOS Identification in Wireless Body Area Networks},
  author = {Cwalina, Krzysztof K. and Rajchowski, Piotr and Blaszkiewicz, Olga and Olejniczak, Alicja and Sadowski, Jaroslaw},
  year = {2019},
  journal = {Sensors},
  volume = {19},
  number = {19},
  pages = {4229},
  publisher = {Multidisciplinary Digital Publishing Institute},
  doi = {10.3390/s19194229},
  copyright = {http://creativecommons.org/licenses/by/3.0/},
  langid = {english}
}

@article{ferreira2021Feature,
  title = {Feature Selection for Real-Time NLOS Identification and Mitigation for Body-Mounted UWB Transceivers},
  author = {Ferreira, Andr{\'e} G. and Fernandes, Duarte and Branco, S{\'e}rgio and Catarino, Andr{\'e} Paulo and Monteiro, Jo{\~a}o L.},
  year = {2021},
  journal = {IEEE Transactions on Instrumentation and Measurement},
  volume = {70},
  pages = {1--10},
  doi = {10.1109/TIM.2021.3070619},
  langid = {american}
}

@inproceedings{gururaj2017Realtime,
  title = {Real-Time Identification of NLOS Range Measurements for Enhanced UWB Localization},
  booktitle = {2017 International Conference on Indoor Positioning and Indoor Navigation (IPIN)},
  author = {Gururaj, Karthikeyan and Rajendra, Anojh Kumaran and Song, Yang and Law, Choi Look and Cai, Guofa},
  year = {2017},
  pages = {1--7},
  doi = {10.1109/IPIN.2017.8115877}
}

@article{he2023Attentionassisted,
  title = {An Attention-Assisted UWB Ranging Error Compensation Algorithm},
  author = {He, Xu and Mo, Lingfei and Wang, Qing},
  year = {2023},
  journal = {IEEE Wireless Communications Letters},
  volume = {12},
  number = {3},
  pages = {421--425},
  doi = {10.1109/LWC.2022.3229104},
  langid = {american}
}

@article{huang2020Machinea,
  title = {Machine Learning-Enabled LOS/NLOS Identification for MIMO Systems in Dynamic Environments},
  author = {Huang, Chen and Molisch, Andreas F. and He, Ruisi and Wang, Rui and Tang, Pan and Ai, Bo and Zhong, Zhangdui},
  year = {2020},
  journal = {IEEE Transactions on Wireless Communications},
  volume = {19},
  number = {6},
  pages = {3643--3657},
  doi = {10.1109/TWC.2020.2967726},
  langid = {american}
}

@article{li2024NLOS,
  title = {NLOS Occlusion Recognition Method to Improve UWB Spatial Sensing},
  author = {Li, Wenfeng and Yang, Anning and Zhou, Jinglong and Zhu, Yulei},
  year = {2024},
  journal = {IEEE Internet of Things Journal},
  volume = {11},
  number = {19},
  pages = {31715--31729},
  doi = {10.1109/JIOT.2024.3419796},
  langid = {american}
}

@inproceedings{liu2017Novel,
  title = {A Novel Ultra-Wideband-Based Localization and Tracking Scheme with Channel Classification},
  booktitle = {2017 IEEE 85th Vehicular Technology Conference (VTC Spring)},
  author = {Liu, Zhongling and Yang, Ming and Xu, Chaojie and Yu, Hui},
  year = {2017},
  pages = {1--5},
  doi = {10.1109/VTCSpring.2017.8108341}
}

@article{majeed2025Dynamic,
  title = {Dynamic Real-Time Anchor Selection for Accurate UWB Indoor Positioning-Based Deep Neural Networks},
  author = {Majeed, Ammar Fahem and Arsat, Rashidah and Baharudin, Muhammad Ariff and Latiff, Nurul Mu'Azzah Abdul and Albaidhani, Abbas},
  year = {2025},
  journal = {IEEE Access},
  volume = {13},
  pages = {80283--80307},
  doi = {10.1109/ACCESS.2025.3563815}
}

@article{muqaibel2025UnderSampled,
  title = {Under-Sampled UWB NLOS/LOS Channel Classification Using Machine Learning},
  author = {Muqaibel, Ali H. and Alawsh, Saleh A. and BinMakhashen, Galal M.},
  year = {2025},
  journal = {Arabian Journal for Science and Engineering},
  volume = {50},
  number = {8},
  pages = {6095--6108},
  doi = {10.1007/s13369-024-09785-x},
  langid = {english}
}

@article{musa2019Decisionb,
  title = {A Decision Tree-Based NLOS Detection Method for the UWB Indoor Location Tracking Accuracy Improvement},
  author = {Musa, Ardiansyah and Nugraha, Gde Dharma and Han, Hyojeong and Choi, Deokjai and Seo, Seongho and Kim, Juseok},
  year = {2019},
  journal = {International Journal of Communication Systems},
  volume = {32},
  number = {13},
  pages = {e3997},
  doi = {10.1002/dac.3997},
  copyright = {{\copyright} 2019 John Wiley \& Sons, Ltd.},
  langid = {english}
}

@inproceedings{nkrow2023UWBBaseda,
  title = {UWB-Based NLOS Identification and Mitigation: A Performance Evaluation in Dynamic Settings},
  shorttitle = {UWB-Based NLOS Identification and Mitigation},
  booktitle = {IECON 2023- 49th Annual Conference of the IEEE Industrial Electronics Society},
  author = {Nkrow, Raphael E. and Silva, Bruno J. and Boshoff, Dutliff and Hancke, Gerhard P.},
  year = {2023},
  pages = {1--6},
  doi = {10.1109/IECON51785.2023.10311874}
}

@article{olejniczak2024NLOS,
  title = {LOS and NLOS Identification in Real Indoor Environment Using Deep Learning Approach},
  author = {Olejniczak, Alicja and Blaszkiewicz, Olga and Cwalina, Krzysztof K. and Rajchowski, Piotr and Sadowski, Jaroslaw},
  year = {2024},
  journal = {Digital Communications and Networks},
  volume = {10},
  number = {5},
  pages = {1305--1312},
  doi = {10.1016/j.dcan.2023.05.009},
  langid = {american}
}

@inproceedings{ramadan2018NLOSa,
  title = {NLOS Identification for Indoor Localization Using Random Forest Algorithm},
  booktitle = {WSA 2018; 22nd International ITG Workshop on Smart Antennas},
  author = {Ramadan, Mohammed and Sark, Vladica and Gutierrez, Jesus and Grass, Eckhard},
  year = {2018},
  pages = {1--5}
}

@article{sang2020Identificationb,
  title = {Identification of NLOS and Multi-Path Conditions in UWB Localization Using Machine Learning Methods},
  author = {Sang, Cung Lian and Steinhagen, Bastian and Homburg, Jonas Dominik and Adams, Michael and Hesse, Marc and R{\"u}ckert, Ulrich},
  year = {2020},
  journal = {Applied Sciences},
  volume = {10},
  number = {11},
  pages = {3980},
  publisher = {Multidisciplinary Digital Publishing Institute},
  doi = {10.3390/app10113980},
  copyright = {http://creativecommons.org/licenses/by/3.0/},
  langid = {english}
}

@inproceedings{schmid2019Accuracy,
  title = {Accuracy Assessment and Learned Error Mitigation of UWB ToF Ranging},
  booktitle = {2019 International Conference on Indoor Positioning and Indoor Navigation (IPIN)},
  author = {Schmid, Lorenz and {Salido-Monz{\'u}}, David and Wieser, Andreas},
  year = {2019},
  pages = {1--8},
  doi = {10.1109/IPIN.2019.8911769}
}

@article{silva2016IRUWBBaseda,
  title = {IR-UWB-Based Non-Line-of-Sight Identification in Harsh Environments: Principles and Challenges},
  shorttitle = {IR-UWB-Based Non-Line-of-Sight Identification in Harsh Environments},
  author = {Silva, Bruno and Hancke, Gerhard P.},
  year = {2016},
  journal = {IEEE Transactions on Industrial Informatics},
  volume = {12},
  number = {3},
  pages = {1188--1195},
  doi = {10.1109/TII.2016.2554522}
}

@inproceedings{stocker2021Performancea,
  title = {Performance of Support Vector Regression in Correcting UWB Ranging Measurements under LOS/NLOS Conditions},
  booktitle = {Proceedings of the Workshop on Benchmarking Cyber-Physical Systems and Internet of Things},
  author = {Stocker, Michael and Gallacher, Markus and Boano, Carlo Alberto and R{\"o}mer, Kay},
  year = {2021},
  series = {CPS-IoTBench '21},
  pages = {6--11},
  publisher = {Association for Computing Machinery},
  address = {New York, NY, USA},
  doi = {10.1145/3458473.3458820},
  isbn = {978-1-4503-8439-1}
}

@article{sung2023Accurate,
  title = {Accurate Indoor Positioning for UWB-Based Personal Devices Using Deep Learning},
  author = {Sung, Sangmo and Kim, Hokeun and Jung, Jae-Il},
  year = {2023},
  journal = {IEEE Access},
  volume = {11},
  pages = {20095--20113},
  doi = {10.1109/ACCESS.2023.3250180},
  langid = {american}
}

@article{wang2024Domainadversarial,
  title = {Domain-Adversarial Learning for UWB NLOS Identification in Dynamic Obstacle Environments},
  author = {Wang, Qiu and Chen, Ming-song and Yan, Xin and Lin, Yong-cheng and Li, Kai and Liu, Jia-jie and Zhang, Chi-zhou},
  year = {2024},
  journal = {IEEE Sensors Journal},
  pages = {1--1},
  doi = {10.1109/JSEN.2024.3491178},
  langid = {american}
}

@article{wu2024SelfAttentionAssisted,
  title = {Self-Attention-Assisted TinyML With Effective Representation for UWB NLOS Identification},
  author = {Wu, Yifeng and He, Xu and Mo, Lingfei and Wang, Qing},
  year = {2024},
  journal = {IEEE Internet of Things Journal},
  volume = {11},
  number = {15},
  pages = {25471--25480},
  doi = {10.1109/JIOT.2024.3349462},
  langid = {english}
}

@article{xie2023Identification,
  title = {Identification of NLOS Based on Soft Decision Method},
  author = {Xie, Jingli and Wang, Wei and Liu, Xinyi and Rashdan, Ibrahim and Di, Chenqi and Qin, Jiajie},
  year = {2023},
  journal = {IEEE Wireless Communications Letters},
  volume = {12},
  number = {4},
  pages = {703--707},
  doi = {10.1109/LWC.2023.3240846}
}

@article{yang2018NLOSa,
  title = {NLOS Mitigation for UWB Localization Based on Sparse Pseudo-Input Gaussian Process},
  author = {Yang, Xiaofeng},
  year = {2018},
  journal = {IEEE Sensors Journal},
  volume = {18},
  number = {10},
  pages = {4311--4316},
  doi = {10.1109/JSEN.2018.2818158}
}

@article{yang2023UWB,
  title = {UWB Sensor-Based Indoor LOS/NLOS Localization with Support Vector Machine Learning},
  author = {Yang, Hongchao and Wang, Yunjia and Seow, Chee Kiat and Sun, Meng and Si, Minghao and Huang, Lu},
  year = {2023},
  journal = {IEEE Sensors Journal},
  volume = {23},
  number = {3},
  pages = {2988--3004},
  doi = {10.1109/JSEN.2022.3232479},
  langid = {american}
}

@article{yang2024UWB,
  title = {UWB Ranging Errors Mitigation with Novel CIR Feature Parameters and Two-Step NLOS Identification},
  author = {Yang, Hongchao and Wang, Yunjia and Xu, Shenglei and Bi, Jingxue and Jia, Haonan and Seow, Chee Kiat},
  year = {2024},
  journal = {Sensors},
  volume = {24},
  number = {5},
  publisher = {MDPI},
  doi = {10.3390/s24051703},
  copyright = {cc\_by\_4},
  langid = {english}
}

@article{yu2019Novelb,
  title = {A Novel NLOS Mitigation Algorithm for UWB Localization in Harsh Indoor Environments},
  author = {Yu, Kegen and Wen, Kai and Li, Yingbing and Zhang, Shuai and Zhang, Kefei},
  year = {2019},
  journal = {IEEE Transactions on Vehicular Technology},
  volume = {68},
  number = {1},
  pages = {686--699},
  doi = {10.1109/TVT.2018.2883810},
  langid = {american}
}

@inproceedings{zeng2018NLOSa,
  title = {NLOS Identification for UWB Based on Channel Impulse Response},
  booktitle = {2018 12th International Conference on Signal Processing and Communication Systems (ICSPCS)},
  author = {Zeng, Zhuoqi and Liu, Steven and Wang, Lei},
  year = {2018},
  pages = {1--6},
  doi = {10.1109/ICSPCS.2018.8631718}
}

@article{zhang2025Methoda,
  title = {A Method for Mitigating NLOS Error for UWB Based on CNN-Stacked-LSTM Model},
  author = {Zhang, Lieping and Liu, Jinming and Zheng, Xinpeng and Zou, Jianchu},
  year = {2025},
  journal = {Engineering Research Express},
  volume = {7},
  number = {1},
  pages = {015239},
  publisher = {IOP Publishing},
  doi = {10.1088/2631-8695/ada978},
  langid = {english}
}

@article{zhou2024Deep,
  title = {Deep Learning and Hybrid Fusion Based LOS/NLOS Identification in Substation Scenarios for Power Internet of Things},
  author = {Zhou, Tao and Wang, Yu and Lin, Yiteng and Ai, Bo and Liu, Liu},
  year = {2024},
  journal = {IEEE Internet of Things Journal},
  pages = {1--1},
  doi = {10.1109/JIOT.2024.3432798},
  langid = {english}
}






@article{cohen2009pearson,
  title={Pearson correlation coefficient},
  author={Cohen, Israel and Huang, Yiteng and Chen, Jingdong and Benesty, Jacob and Benesty, Jacob and Chen, Jingdong and Huang, Yiteng and Cohen, Israel},
  journal={Noise reduction in speech processing},
  pages={1--4},
  year={2009},
  publisher={Springer}
}

@article{wang2024robust,
author={Wang, Shoude and Ahmad, Nur Syazreen},
journal={IEEE Access}, 
title={Robust Classification of UWB NLOS/LOS Using Combined FCE and XGBoost Algorithms}, 
year={2024},
volume={12},
number={},
pages={151030-151045},
keywords={Accuracy;Feature extraction;Nonlinear optics;Noise measurement;Location awareness;Classification algorithms;Robustness;Distance measurement;Data models;Correlation;Ultra wideband technology;Machine learning;Location awareness;UWB;CIR;FCE;XGBoost algorithm;machine learning;NLOS;indoor positioning},
doi={10.1109/ACCESS.2024.3480236}}


@inproceedings{zeng2019uwb,
  title={UWB NLOS identification with feature combination selection based on genetic algorithm},
  author={Zeng, Zhuoqi and Liu, Steven and Wang, Lei},
  booktitle={2019 IEEE International Conference on Consumer Electronics (ICCE)},
  pages={1--5},
  year={2019},
  organization={IEEE}
}
@article{he2024lightweight,
  title={A Lightweight UWB NLOS Detection Algorithm Using Referenced CIR Similarity Metrics},
  author={He, Xu and Yang, Runkun and Mo, Lingfei and Meng, Xiaolin and Yang, Fanxing and Zhang, Youdong and Wang, Qing},
  journal={IEEE Wireless Communications Letters},
  year={2024},
  publisher={IEEE}
}


@article{kan2023Advanced,
  title = {An Advanced Artificial Fish School Algorithm to Update Decision Tree for NLOS Acoustic Localization Signal Identification with the Dual-Receiving Method},
  author = {Kan, Ruixiang and Wang, Mei and Liu, Xin and Liu, Xiaojuan and Qiu, Hongbing},
  year = {2023},
  journal = {Applied Sciences},
  volume = {13},
  number = {6},
  pages = {4012},
  publisher = {Multidisciplinary Digital Publishing Institute},
  doi = {10.3390/app13064012},
  copyright = {http://creativecommons.org/licenses/by/3.0/},
  langid = {english}
}

@article{sun2020Gradient,
  title = {A Gradient Boosting Decision Tree Based GPS Signal Reception Classification Algorithm},
  author = {Sun, Rui and Wang, Guanyu and Zhang, Wenyu and Hsu, Li-Ta and Ochieng, Washington Y.},
  year = {2020},
  journal = {Applied Soft Computing},
  volume = {86},
  pages = {105942},
  doi = {10.1016/j.asoc.2019.105942}
}

@article{tian2014Support,
  title = {A Support Vector Data Description Approach to NLOS Identification in UWB Positioning},
  author = {Tian, Shiwei and Zhao, Luwen and Li, Guangxia},
  year = {2014},
  journal = {Mathematical Problems in Engineering},
  volume = {2014},
  number = {1},
  pages = {963418},
  doi = {10.1155/2014/963418},
  copyright = {Copyright {\copyright} 2014 Shiwei Tian et al.},
  langid = {english}
}

@article{yang2018NLOSb,
  title = {NLOS Identification for UWB Localization Based on Import Vector Machine},
  author = {Yang, Xiaofeng and Zhao, Feng and Chen, Tiejun},
  year = {2018},
  journal = {AEU - International Journal of Electronics and Communications},
  volume = {87},
  pages = {128--133},
  doi = {10.1016/j.aeue.2018.02.003}
}

@article{liu2021Measuringb,
  title = {Measuring Distance Using Ultra-Wideband Radio Technology Enhanced by Extreme Gradient Boosting Decision Tree (XGBoost)},
  author = {Liu, Yiming and Liu, Lin and Yang, Liu and Hao, Li and Bao, Yi},
  year = {2021},
  journal = {Automation in Construction},
  volume = {126},
  pages = {103678},
  doi = {10.1016/j.autcon.2021.103678}
}

@article{sui2024Improved,
  title = {Improved XGBoost and GM UWB/MEME IMU Positioning Methods for Non-Line-of-Sight Environments},
  author = {Sui, Xin and Liao, Bangwen and Wang, Changqiang and Shi, Zhengxu},
  year = {2024},
  journal = {IEEE Sensors Journal},
  volume = {24},
  number = {24},
  pages = {42384--42393},
  doi = {10.1109/JSEN.2024.3485755}
}

@inproceedings{coppens2024Convolutions,
  title = {Beyond Convolutions: Transformer Networks for Improved UWB CIR-Based Fingerprinting},
  shorttitle = {Beyond Convolutions},
  booktitle = {2024 14th International Conference on Indoor Positioning and Indoor Navigation (IPIN)},
  author = {Coppens, Dieter and Shahid, Adnan and De Poorter, Eli},
  year = {2024},
  pages = {1--6},
  doi = {10.1109/IPIN62893.2024.10786138}
}

@article{fahemmajeed2024Accurate,
  title = {Accurate Multiclass NLOS Channels Identification in UWB Indoor Positioning System-Based Deep Neural Network},
  author = {Fahem Majeed, Ammar and Arsat, Rashidah and Ariff Baharudin, Muhammad and Mu'Azzah Abdul Latiff, Nurul and Albaidhani, Abbas},
  year = {2024},
  journal = {IEEE Access},
  volume = {12},
  pages = {179431--179448},
  doi = {10.1109/ACCESS.2024.3509343}
}

@article{gao2020Application,
  title = {Application of LSTM Network to Improve Indoor Positioning Accuracy},
  author = {Gao, Dongqi and Zeng, Xiangye and Wang, Jingyi and Su, Yanmang},
  year = {2020},
  journal = {Sensors},
  volume = {20},
  number = {20},
  pages = {5824},
  publisher = {Multidisciplinary Digital Publishing Institute},
  doi = {10.3390/s20205824},
  copyright = {http://creativecommons.org/licenses/by/3.0/},
  langid = {english}
}

@inproceedings{ghaemifar2024Novel,
  title = {A Novel CNN Model for NLoS Classification in UWB Indoor Positioning System},
  booktitle = {2024 10th International Conference on Web Research (ICWR)},
  author = {Ghaemifar, Mohammadali and Ebadollahi, Saeed and Ghasemzadeh, Milad and Pirahmadian, Saba},
  year = {2024},
  pages = {182--186},
  doi = {10.1109/ICWR61162.2024.10533361}
}


@article{nguyen2020Deep,
  title = {Deep Learning-Based Localization for UWB Systems},
  author = {Nguyen, Doan Tan Anh and Lee, Han-Gyeol and Jeong, Eui-Rim and Lee, Han Lim and Joung, Jingon},
  year = {2020},
  journal = {Electronics},
  volume = {9},
  number = {10},
  pages = {1712},
  publisher = {Multidisciplinary Digital Publishing Institute},
  doi = {10.3390/electronics9101712},
  copyright = {http://creativecommons.org/licenses/by/3.0/},
  langid = {english}
}

@article{poulose2020UWBa,
  title = {UWB Indoor Localization Using Deep Learning LSTM Networks},
  author = {Poulose, Alwin and Han, Dong Seog},
  year = {2020},
  journal = {Applied Sciences},
  volume = {10},
  number = {18},
  pages = {6290},
  publisher = {Multidisciplinary Digital Publishing Institute},
  doi = {10.3390/app10186290},
  copyright = {http://creativecommons.org/licenses/by/3.0/},
  langid = {english}
}

@article{yang2025NLOS,
  title = {NLOS Identification and Ranging Trustworthiness for Indoor Positioning with LLM-Based UWB-IMU Fusion},
  author = {Yang, Hongchao and Wang, Yunjia and Seow, Chee Kiat and Li, Zengke and Sun, Meng and Cock, Cedric De and Bi, Jingxue and Joseph, Wout and Plets, David},
  year = {2025},
  journal = {IEEE Transactions on Instrumentation and Measurement},
  pages = {1--1},
  doi = {10.1109/TIM.2025.3554900}
}


% ****************************
@article{schank1991s,
  title={Where's the AI?},
  author={Schank, Roger C},
  journal={AI magazine},
  volume={12},
  number={4},
  pages={38--38},
  year={1991}
}
@inproceedings{stachniss2005mobile,
  title={Mobile robot mapping and localization in non-static environments},
  author={Stachniss, Cyrill and Burgard, Wolfram},
  booktitle={aaai},
  pages={1324--1329},
  year={2005}
}
@inproceedings{panchpor2018survey,
  title={A survey of methods for mobile robot localization and mapping in dynamic indoor environments},
  author={Panchpor, Aishwarya A and Shue, Sam and Conrad, James M},
  booktitle={2018 Conference on Signal Processing And Communication Engineering Systems (SPACES)},
  pages={138--144},
  year={2018},
  organization={IEEE}
}

@article{patle2019review,
  title={A review: On path planning strategies for navigation of mobile robot},
  author={Patle, BK and Pandey, Anish and Parhi, DRK and Jagadeesh, AJDT and others},
  journal={Defence Technology},
  volume={15},
  number={4},
  pages={582--606},
  year={2019},
  publisher={Elsevier}
}

@article{rubio2019review,
  title={A review of mobile robots: Concepts, methods, theoretical framework, and applications},
  author={Rubio, Francisco and Valero, Francisco and Llopis-Albert, Carlos},
  journal={International Journal of Advanced Robotic Systems},
  volume={16},
  number={2},
  pages={1729881419839596},
  year={2019},
  publisher={SAGE Publications Sage UK: London, England}
}
@article{alatise2020review,
  title={A review on challenges of autonomous mobile robot and sensor fusion methods},
  author={Alatise, Mary B and Hancke, Gerhard P},
  journal={IEEE Access},
  volume={8},
  pages={39830--39846},
  year={2020},
  publisher={IEEE}
}
@article{zghair2021one,
  title={A one decade survey of autonomous mobile robot systems},
  author={Zghair, Noor Abdul Khaleq and Al-Araji, Ahmed S},
  journal={International Journal of Electrical and Computer Engineering},
  volume={11},
  number={6},
  pages={4891},
  year={2021},
  publisher={IAES Institute of Advanced Engineering and Science}
}
@article{pu2023visual,
  title={Visual SLAM integration with semantic segmentation and deep learning: A review},
  author={Pu, Huayan and Luo, Jun and Wang, Gang and Huang, Tao and Liu, Hongliang},
  journal={IEEE Sensors Journal},
  year={2023},
  publisher={IEEE}
}
@article{sahili2023survey,
  title={A Survey of Visual SLAM Methods},
  author={Sahili, Ali Rida and Hassan, Saifeldin and Sakhrieh, Saber and Mounsef, Jinane and Maalouf, Noel and Arain, Bilal and Taha, Tarek},
  journal={IEEE Access},
  year={2023},
  publisher={IEEE}
}
@article{mokssit2023deep,
  title={Deep learning techniques for visual slam: A survey},
  author={Mokssit, Saad and Licea, Daniel Bonilla and Guermah, Bassma and Ghogho, Mounir},
  journal={IEEE Access},
  volume={11},
  pages={20026--20050},
  year={2023},
  publisher={IEEE}
}
@article{liu2024review,
  title={A Review of Sensing Technologies for Indoor Autonomous Mobile Robots},
  author={Liu, Yu and Wang, Shuting and Xie, Yuanlong and Xiong, Tifan and Wu, Mingyuan},
  journal={Sensors},
  volume={24},
  number={4},
  pages={1222},
  year={2024},
  publisher={MDPI}
}
@article{alqobali2023survey,
  title={A survey on robot semantic navigation systems for indoor environments},
  author={Alqobali, Raghad and Alshmrani, Maha and Alnasser, Reem and Rashidi, Asrar and Alhmiedat, Tareq and Alia, Osama Moh’d},
  journal={Applied Sciences},
  volume={14},
  number={1},
  pages={89},
  year={2023},
  publisher={MDPI}
}
@article{rezwan2022artificial,
  title={Artificial intelligence approaches for UAV navigation: Recent advances and future challenges},
  author={Rezwan, Sifat and Choi, Wooyeol},
  journal={IEEE access},
  volume={10},
  pages={26320--26339},
  year={2022},
  publisher={IEEE}
}
@article{chang2023review,
  title={A review of UAV autonomous navigation in GPS-denied environments},
  author={Chang, Yingxiu and Cheng, Yongqiang and Manzoor, Umar and Murray, John},
  journal={Robotics and Autonomous Systems},
  pages={104533},
  year={2023},
  publisher={Elsevier}
}
@article{yang2024semantic,
  title={A semantic SLAM-based method for navigation and landing of UAV in indoor environments},
  author={Yang, Linjie and Ye, Jing and Zhang, Yuan and Wang, Luping and Qiu, Changzhen},
  journal={Knowledge-Based Systems},
  volume={293},
  pages={111693},
  year={2024},
  publisher={Elsevier}
}
@article{ullah2024mobile,
  title={Mobile robot localization: Current challenges and future prospective},
  author={Ullah, Inam and Adhikari, Deepak and Khan, Habib and Anwar, M Shahid and Ahmad, Shabir and Bai, Xiaoshan},
  journal={Computer Science Review},
  volume={53},
  pages={100651},
  year={2024},
  publisher={Elsevier}
}
@book{fink2019conducting,
  title={Conducting research literature reviews: From the internet to paper},
  author={Fink, Arlene},
  year={2019},
  publisher={Sage publications}
}
@article{moher2009preferred,
  title={Preferred reporting items for systematic reviews and meta-analyses: the PRISMA statement},
  author={Moher, David and Liberati, Alessandro and Tetzlaff, Jennifer and Altman, Douglas G and PRISMA Group*, t},
  journal={Annals of internal medicine},
  volume={151},
  number={4},
  pages={264--269},
  year={2009},
  publisher={American College of Physicians}
}

@article{ravichandar2020recent,
  title={Recent advances in robot learning from demonstration},
  author={Ravichandar, Harish and Polydoros, Athanasios S and Chernova, Sonia and Billard, Aude},
  journal={Annual review of control, robotics, and autonomous systems},
  volume={3},
  number={1},
  pages={297--330},
  year={2020},
  publisher={Annual Reviews}
}
@article{khan2019mobile,
  title={Mobile robot navigation using reinforcement learning in unknown environments},
  author={Khan, Muhammad Umer},
  journal={Balkan Journal of Electrical and Computer Engineering},
  volume={7},
  number={3},
  pages={235--244},
  year={2019},
  publisher={MUSA YILMAZ}
}
@article{zhou2023attention,
  title={Attention-based advantage actor-critic algorithm with prioritized experience replay for complex 2-D robotic motion planning},
  author={Zhou, Chengmin and Huang, Bingding and Hassan, Haseeb and Fr{\"a}nti, Pasi},
  journal={Journal of Intelligent Manufacturing},
  volume={34},
  number={1},
  pages={151--180},
  year={2023},
  publisher={Springer}
}
@article{sunderhauf2018limits,
  title={The limits and potentials of deep learning for robotics},
  author={S{\"u}nderhauf, Niko and Brock, Oliver and Scheirer, Walter and Hadsell, Raia and Fox, Dieter and Leitner, J{\"u}rgen and Upcroft, Ben and Abbeel, Pieter and Burgard, Wolfram and Milford, Michael and others},
  journal={The International journal of robotics research},
  volume={37},
  number={4-5},
  pages={405--420},
  year={2018},
  publisher={SAGE Publications Sage UK: London, England}
}
@article{kendall2017uncertainties,
  title={What uncertainties do we need in bayesian deep learning for computer vision?},
  author={Kendall, Alex and Gal, Yarin},
  journal={Advances in neural information processing systems},
  volume={30},
  year={2017}
}
@inproceedings{kiruba2024object,
  title={Object Color Identification and Classification using CNN Algorithm and Machine Learning Technique},
  author={Kiruba, R and Sneha, V and Anuragha, S and Vardhini, SK and Vismaya, V},
  booktitle={2024 4th International Conference on Pervasive Computing and Social Networking (ICPCSN)},
  pages={18--24},
  year={2024},
  organization={IEEE}
}
@article{yang2024model,
  title={A Model for Robot Grasping: Integrating Transformer and CNN With RGB-D Fusion},
  author={Yang, Lin and Zhang, Caixia and Liu, Guowen and Zhong, Zhaoyi and Li, Yan},
  journal={IEEE Transactions on Consumer Electronics},
  year={2024},
  publisher={IEEE}
}
@article{gu2018recent,
  title={Recent advances in convolutional neural networks},
  author={Gu, Jiuxiang and Wang, Zhenhua and Kuen, Jason and Ma, Lianyang and Shahroudy, Amir and Shuai, Bing and Liu, Ting and Wang, Xingxing and Wang, Gang and Cai, Jianfei and others},
  journal={Pattern recognition},
  volume={77},
  pages={354--377},
  year={2018},
  publisher={Elsevier}
}
@inproceedings{detone2018superpoint,
  title={Superpoint: Self-supervised interest point detection and description},
  author={DeTone, Daniel and Malisiewicz, Tomasz and Rabinovich, Andrew},
  booktitle={Proceedings of the IEEE conference on computer vision and pattern recognition workshops},
  pages={224--236},
  year={2018}
}
@inproceedings{sinha2018convolutional,
  title={Convolutional neural network based sensors for mobile robot relocalization},
  author={Sinha, Harsh and Patrikar, Jay and Dhekane, Eeshan Gunesh and Pandey, Gaurav and Kothari, Mangal},
  booktitle={2018 23rd International Conference on Methods \& Models in Automation \& Robotics (MMAR)},
  pages={774--779},
  year={2018},
  organization={IEEE}
}
@article{foroughi2021cnn,
  title={A cnn-based system for mobile robot navigation in indoor environments via visual localization with a small dataset},
  author={Foroughi, Farzin and Chen, Zonghai and Wang, Jikai},
  journal={World Electric Vehicle Journal},
  volume={12},
  number={3},
  pages={134},
  year={2021},
  publisher={MDPI}
}
@article{zhan2021human,
  title={Human-guided robot behavior learning: A gan-assisted preference-based reinforcement learning approach},
  author={Zhan, Huixin and Tao, Feng and Cao, Yongcan},
  journal={IEEE Robotics and Automation Letters},
  volume={6},
  number={2},
  pages={3545--3552},
  year={2021},
  publisher={IEEE}
}
@article{tang2023gan,
  title={GAN-based robust motion planning for mobile robots against localization attacks},
  author={Tang, Wenbing and Zhou, Yuan and Sun, Haiying and Zhang, Yuhong and Liu, Yang and Ding, Zuohua and Liu, Jing and He, Jifeng},
  journal={IEEE Robotics and Automation Letters},
  volume={8},
  number={3},
  pages={1603--1610},
  year={2023},
  publisher={IEEE}
}
@article{sun2019convolutional,
  title={Convolutional neural network-based coarse initial position estimation of a monocular camera in large-scale 3D light detection and ranging maps},
  author={Sun, Manhui and Yang, Shaowu and Liu, Hengzhu},
  journal={International Journal of Advanced Robotic Systems},
  volume={16},
  number={6},
  pages={1729881419893518},
  year={2019},
  publisher={SAGE Publications Sage UK: London, England}
}
@article{jo2020new,
  title={New Monte Carlo localization using deep initialization: A three-dimensional LiDAR and a camera fusion approach},
  author={Jo, Hyunggi and Kim, Euntai},
  journal={IEEE Access},
  volume={8},
  pages={74485--74496},
  year={2020},
  publisher={IEEE}
}
@article{ballesta2021cnn,
  title={A cnn regression approach to mobile robot localization using omnidirectional images},
  author={Ballesta, Monica and Paya, Luis and Cebollada, Sergio and Reinoso, Oscar and Murcia, Francisco},
  journal={Applied Sciences},
  volume={11},
  number={16},
  pages={7521},
  year={2021},
  publisher={MDPI}
}
@article{liu2022deep,
  title={Deep-learning-based accurate identification of warehouse goods for robot picking operations},
  author={Liu, Huwei and Zhou, Li and Zhao, Junhui and Wang, Fan and Yang, Jianglong and Liang, Kaibo and Li, Zhaochan},
  journal={Sustainability},
  volume={14},
  number={13},
  pages={7781},
  year={2022},
  publisher={MDPI}
}
@article{li2023context,
  title={Context vector-based visual mapless navigation in indoor using hierarchical semantic information and meta-learning},
  author={Li, Fei and Guo, Chi and Zhang, Huyin and Luo, Binhan},
  journal={Complex \& Intelligent Systems},
  volume={9},
  number={2},
  pages={2031--2041},
  year={2023},
  publisher={Springer}
}
@article{ran2021scene,
  title={Scene perception based visual navigation of mobile robot in indoor environment},
  author={Ran, T and Yuan, L and Zhang, JB},
  journal={ISA transactions},
  volume={109},
  pages={389--400},
  year={2021},
  publisher={Elsevier}
}
@article{wu2020towards,
  title={Towards target-driven visual navigation in indoor scenes via generative imitation learning},
  author={Wu, Qiaoyun and Gong, Xiaoxi and Xu, Kai and Manocha, Dinesh and Dong, Jingxuan and Wang, Jun},
  journal={IEEE Robotics and Automation Letters},
  volume={6},
  number={1},
  pages={175--182},
  year={2020},
  publisher={IEEE}
}
@article{wu2023semantic,
  title={Semantic Path Planning for Indoor Navigation Tasks Using Multi-View Context and Prior Knowledge},
  author={Wu, Jianbing and Huang, Weibo and Hua, Guoliang and Zhang, Wanruo and Kang, Risheng and Liu, Hong},
  journal={IEICE TRANSACTIONS on Information and Systems},
  volume={106},
  number={5},
  pages={756--764},
  year={2023},
  publisher={The Institute of Electronics, Information and Communication Engineers}
}
@article{sleaman2020indoor,
  title={Indoor mobile robot navigation using deep convolutional neural network},
  author={Sleaman, Walead Kaled and Yavuz, S{\i}rma},
  journal={Journal of Intelligent \& Fuzzy Systems},
  volume={39},
  number={4},
  pages={5475--5486},
  year={2020},
  publisher={IOS Press}
}
@article{kulhanek2021visual,
  title={Visual navigation in real-world indoor environments using end-to-end deep reinforcement learning},
  author={Kulh{\'a}nek, Jon{\'a}{\v{s}} and Derner, Erik and Babu{\v{s}}ka, Robert},
  journal={IEEE Robotics and Automation Letters},
  volume={6},
  number={3},
  pages={4345--4352},
  year={2021},
  publisher={IEEE}
}
@article{fang2022target,
  title={Target-driven visual navigation in indoor scenes using reinforcement learning and imitation learning},
  author={Fang, Qiang and Xu, Xin and Wang, Xitong and Zeng, Yujun},
  journal={CAAI Transactions on Intelligence Technology},
  volume={7},
  number={2},
  pages={167--176},
  year={2022},
  publisher={Wiley Online Library}
}
@article{lee2022mobile,
  title={Mobile robot navigation using deep reinforcement learning},
  author={Lee, Min-Fan Ricky and Yusuf, Sharfiden Hassen},
  journal={Processes},
  volume={10},
  number={12},
  pages={2748},
  year={2022},
  publisher={MDPI}
}
@article{bezerra2024deep,
  title={Deep-Q-Network hybridization with extended Kalman filter for accelerate learning in autonomous navigation with auxiliary security module},
  author={Bezerra, Carlos Daniel de Sousa and Vieira, Fl{\'a}vio Henrique Teles and Soares, Anderson da Silva},
  journal={Transactions on Emerging Telecommunications Technologies},
  volume={35},
  number={2},
  pages={e4946},
  year={2024},
  publisher={Wiley Online Library}
}
@article{li2024active,
  title={An Active Olfaction Approach Using Deep Reinforcement Learning for Indoor Attenuation Odor Source Localization},
  author={Li, Hui and Yuan, Jie and Yuan, Hao},
  journal={IEEE Sensors Journal},
  year={2024},
  publisher={IEEE}
}
@article{klein2023machine,
  title={A machine learning approach to robot localization using fiducial markers in RobotAtFactory 4.0 competition},
  author={Klein, Luan C and Braun, Jo{\~a}o and Mendes, Jo{\~a}o and Pinto, V{\'\i}tor H and Martins, Felipe N and de Oliveira, Andre Schneider and W{\"o}rtche, Heinrich and Costa, Paulo and Lima, Jos{\'e}},
  journal={Sensors},
  volume={23},
  number={6},
  pages={3128},
  year={2023},
  publisher={MDPI}
}
@article{wang2021deep,
  title={Deep Weakly Supervised Positioning for Indoor Mobile Robots},
  author={Wang, Ruoyu and Xu, Xuchu and Ding, Li and Huang, Yang and Feng, Chen},
  journal={IEEE Robotics and Automation Letters},
  volume={7},
  number={2},
  pages={1206--1213},
  year={2021},
  publisher={IEEE}
}
@article{miranda2021improvements,
  title={Improvements of an optical scanning system for indoor localization based on defuzzification methods},
  author={Miranda-Vega, Jes{\'u}s E and D{\'\i}az-Ram{\'\i}rez, Arnoldo and Sergiyenko, Oleg and Garc{\'\i}a-Gonz{\'a}lez, Wendy and Flores-Fuentes, Wendy and Rodr{\'\i}guez-Qui{\~n}onez, Julio Cesar},
  journal={IEEE Sensors Journal},
  volume={22},
  number={6},
  pages={4808--4815},
  year={2021},
  publisher={IEEE}
}
@article{chiang2020magnetic,
  title={Magnetic field-based localization in factories using neural network with robotic sampling},
  author={Chiang, Ting-Hui and Sun, Zao-Hung and Shiu, Huan-Ruei and Lin, Kate Ching-Ju and Tseng, Yu-Chee},
  journal={IEEE Sensors Journal},
  volume={20},
  number={21},
  pages={13110--13118},
  year={2020},
  publisher={IEEE}
}
@article{zou2020adversarial,
  title={Adversarial learning-enabled automatic WiFi indoor radio map construction and adaptation with mobile robot},
  author={Zou, Han and Chen, Chun-Lin and Li, Maoxun and Yang, Jianfei and Zhou, Yuxun and Xie, Lihua and Spanos, Costas J},
  journal={IEEE Internet of Things Journal},
  volume={7},
  number={8},
  pages={6946--6954},
  year={2020},
  publisher={IEEE}
}
@article{capra2020assessing,
  title={Assessing the feasibility of augmenting fall detection systems by relying on UWB-based position tracking and a home robot},
  author={Capra, Maurizio and Sapienza, Stefano and Motto Ros, Paolo and Serrani, Alessio and Martina, Maurizio and Puiatti, Alessandro and Bonato, Paolo and Demarchi, Danilo},
  journal={Sensors},
  volume={20},
  number={18},
  pages={5361},
  year={2020},
  publisher={MDPI}
}


