@article{fernandez2024wavelet,
  title={Wavelet-based temporal models of human activity for anomaly detection in smart robot-assisted environments},
  author={Fernandez-Carmona, Manuel and Mghames, Sariah and Bellotto, Nicola},
  journal={Journal of Ambient Intelligence and Smart Environments},
  volume={16},
  number={2},
  pages={181--200},
  year={2024},
  publisher={SAGE Publications Sage UK: London, England}
}